3450 5334
326 482 369 547 24
432 489 713 551 concitamur]
734 494 775 551 ut
796 492 963 554 ttoltATu
985 493 1387 559 urtsr.rtt1at.um.1.
1427 542 1431 550 .

325 660 367 717 At
382 668 521 739 reputent
533 660 581 718 illi
594 680 709 737 secum,
722 662 821 742 ipsam
834 668 961 743 poeseos
976 674 1117 724 naturam
1132 683 1196 723 non
1209 666 1343 725 multum
1356 664 1491 725 dissimi-

325 760 388 817 lem
402 780 467 820 esse
480 762 584 822 Protei
601 762 684 821 illius
705 764 841 843 ambigui
856 767 1020 847 vultusque
1033 784 1154 845 semper
1167 767 1324 826 mutantis.
1365 770 1490 847 Episto-

324 862 373 919 lae
395 864 492 938 enim,
515 864 621 947 quales
638 864 759 943 scripsit
778 868 937 941 Horatius,
960 867 997 925 ab
1012 868 1127 926 intimis
1141 868 1236 927 animi
1255 869 1394 929 sensibus
1416 889 1491 949 pro-

325 960 422 1021 fectae
434 985 490 1046 pro
512 985 569 1025 sus
583 967 719 1045 ipsarum
736 974 844 1023 natura
866 968 954 1049 lyrici
970 978 1042 1027 sunt
1065 970 1185 1049 generis
1213 981 1244 1029 et
1266 972 1331 1050 ejus
1353 969 1488 1052 quidem,

325 1061 409 1141 quod
424 1084 552 1125 numero
571 1063 725 1147 modoque
749 1068 828 1146 epici
844 1078 1047 1151 temperatum
1064 1081 1166 1150 gratae
1189 1073 1393 1153 negligentiae
1414 1072 1490 1154 quid

324 1159 432 1241 habet,
453 1169 497 1227 ite
512 1180 546 1229 ut
561 1167 621 1228 hoc
635 1168 842 1249 Epistularum
859 1190 956 1250 genus
976 1170 1114 1231 medium
1128 1174 1217 1254 quusi
1238 1176 1319 1234 inter
1334 1180 1445 1255 poema
1457 1184 1489 1233 et

325 1266 492 1327 orationem
508 1266 536 1349 *)
550 1278 653 1329 tenere
671 1268 819 1329 videatur.
868 1272 956 1346 Quod
966 1275 1060 1335 Poeta
1072 1270 1116 1350 ”l
1142 1276 1340 1354 epistolarum
1358 1277 1488 1356 sumpsit

324 1364 469 1446 fonnem,
492 1368 565 1429 inde
583 1370 698 1429 fectmn
716 1370 907 1449 existimem,
928 1386 964 1434 ut
978 1386 1008 1434 et
1024 1376 1147 1435 liberior
1161 1388 1241 1436 esset
1254 1398 1326 1437 cum
1338 1380 1443 1438 amicis
1456 1389 1487 1439 et

324 1473 460 1545 personis
483 1474 546 1531 sive
565 1472 643 1530 veris
661 1474 725 1531 sire
744 1473 820 1533 fictis
842 1477 1064 1538 sermocinandi
1084 1479 1160 1539 ratio
1181 1489 1212 1537 et
1236 1482 1386 1541 astrictior
1405 1483 1487 1539 vitae

325 1574 480 1631 communi
502 1576 658 1654 utriusque
678 1573 738 1635 i.e.
763 1576 832 1633 usui
850 1587 918 1637 tum
942 1581 1116 1656 scribentis,
1144 1588 1211 1639 tum
1234 1584 1313 1660 ejus,
1333 1580 1374 1641 sd
1393 1602 1487 1663 quem

324 1670 518 1750 scriberetur,
547 1669 809 1733 accommodatior.
851 1679 917 1751 Qua
932 1682 1058 1765 quidem
1074 1704 1107 1743 re
1118 1680 1264 1759 efficitur,
1288 1694 1399 1743 utnon
1414 1706 1487 1744 um·

323 1770 410 1829 brem
426 1794 583 1835 censemus
597 1777 649 1834 vel
670 1794 867 1855 personarum
891 1785 943 1842 rel
966 1804 1069 1846 rerum
1086 1795 1117 1845 et
1129 1786 1312 1865 imaginem,
1335 1786 1391 1846 sed
1410 1789 1486 1849 soli-

324 1870 396 1931 dum
415 1896 519 1937 earum
541 1886 571 1935 et
597 1895 772 1960 expressam
791 1886 949 1945 teneamus
970 1884 1120 1967 effigiem,
1141 1906 1220 1967 quae
1234 1887 1272 1948 ob
1296 1907 1417 1949 morum
1430 1911 1486 1951 eo-

324 1992 452 2055 rumque
466 1998 557 2058 ssepe
573 1974 759 2039 diversorum
773 1988 803 2039 et
818 1979 1013 2047 dissimilium
1021 1990 1209 2050 notationem
1220 1988 1393 2071 atqueinde
1409 2012 1485 2052 ens-

321 2084 385 2133 tsm
399 2083 591 2158 asperitatem
606 2099 711 2139 omnes
726 2083 866 2144 omnium
882 2087 1019 2148 eblandit
1033 2109 1151 2152 seusus.
1195 2094 1232 2151 lu
1249 2090 1418 2173 eademque
1433 2095 1485 2153 in-

321 2178 397 2237 tima
411 2178 541 2238 duarum
558 2200 755 2261 personarum
770 2190 984 2268 complexione
999 2194 1132 2252 cernitur
1153 2193 1265 2270 etiam,
1284 2204 1320 2253 ut
1341 2196 1402 2254 alia
1420 2216 1485 2257 nou

323 2299 577 2356 commemorem,
596 2282 693 2357 illud,
715 2284 799 2365 quod
813 2288 892 2349 inter
905 2293 1019 2353 Sotiras
1040 2304 1131 2376 atque
1143 2296 1296 2376 Epistulas
1315 2296 1484 2375 intercedit,

321 2398 384 2440 non
408 2384 476 2441 lere
502 2382 686 2461 discrimen,
728 2384 766 2442 de
791 2406 851 2468 quo
876 2390 1022 2452 dixerunt
1044 2395 1205 2455 Er'clsstod.
1237 2396 1278 2457 ad
1298 2400 1377 2457 Astii
1403 2402 1484 2461 Plat.

321 2480 581 2562 Phaedr.p.168,
595 2484 763 2565 Morgenet.
782 2485 820 2546 de
834 2492 899 2551 Sat.
913 2505 1004 2576 atque
1016 2498 1115 2578 Epist.
1127 2501 1200 2558 Hor.
1215 2494 1304 2559 discr.
1319 2501 1484 2584 p.10sqq.,

321 2582 482 2646 Kirchner.
503 2584 535 2639 in
549 2580 631 2643 Edit.
650 2586 731 2646 Satir
744 2608 775 2666 p.
791 2590 872 2668 vla,
896 2594 930 2651 0.
954 2598 1082 2659 Pcssov.
1101 2602 1135 2659 in
1153 2600 1279 2675 „Leben
1293 2623 1324 2661 u.
1338 2604 1484 2665 Zeitalter

322 2682 376 2743 des
389 2687 493 2759 llor.“,
506 2682 623 2744 dissert.
646 2688 790 2766 Epistolis
804 2694 879 2754 Hor.
892 2699 1045 2758 translatis
1059 2704 1224 2781 praemissa
1233 2724 1265 2784 p.
1278 2706 1399 2765 LXVII.
1417 2719 1483 2768 not.

323 2786 393 2848 178
406 2796 438 2843 et
451 2784 530 2861 282,
549 2787 636 2846 aliter
649 2790 847 2855 sentientibus
862 2798 894 2857 J.
912 2800 947 2860 0.
967 2800 1123 2882 διώξειν)
1136 2804 1170 2862 ἰιι
1180 2806 1294 2866 Passio.
1312 2810 1363 2869 vl.
1369 2827 1400 2888 p.
1408 2809 1482 2885 808,

321 2884 365 2944 Is.
391 2884 567 2948 Coeozsbono
583 2888 620 2949 de
634 2893 762 2951 Roman.
778 2894 868 2957 Satir.
885 2902 924 2977 2,
949 2902 980 2965 8.
999 2926 1030 2985 p.
1044 2908 1126 2980 227,
1145 2906 1277 2967 Docerio
1293 2910 1327 2968 in
1347 2908 1396 2970 ed.
1408 2913 1484 2971 Hor.

321 2986 449 3047 Amstel.
464 2990 557 3055 1735.
573 2994 623 3054 Vl.
636 3014 668 3073 p·
677 2992 757 3071 325,
772 2998 825 3057 Bi.
841 3000 933 3061 Aetio
945 3004 984 3065 de
998 3008 1078 3067 Plat.
1093 3004 1224 3070 Phaedr.
1237 3032 1269 3091 p.
1275 3010 1330 3074 31.
1346 3021 1377 3070 et
1393 3014 1484 3073 Wei-

321 3086 420 3147 cherto
432 3090 465 3147 in
480 3094 598 3153 Prolus.
614 3096 643 3157 1.
656 3093 694 3153 de
709 3098 781 3156 llor.
797 3100 896 3180 Epist.
911 3127 943 3185 p.
956 3104 988 3171 4.
1031 3107 1119 3182 Quod
1134 3130 1310 3194 quanquam
1326 3113 1483 3193 Epistola·

321 3206 390 3245 rum
403 3207 514 3269 genus,
532 3204 568 3253 ut
582 3206 720 3256 veterum
734 3202 857 3261 omuino
869 3209 987 3284 poesis,
1001 3213 1125 3293 propius
1139 3212 1225 3273 abest
1237 3234 1256 3273 e
1266 3217 1328 3275 rita
1341 3237 1483 3278 commu·

320 3289 355 3346 ni
368 3286 426 3372 1Ψ)
441 3295 478 3351 ab
493 3315 589 3377 eaque
606 3302 704 3378 magis
721 3300 934 3383 proficiscitur,
947 3330 1040 3392 quam
1051 3324 1223 3375 nostrorum
1234 3323 1394 3398 petitarum
1414 3331 1482 3380 stu·

323 3386 373 3447 dia
390 3396 523 3471 poitico,
546 3399 611 3471 sola
629 3420 718 3481 saepe
738 3404 831 3461 animi
852 3410 1016 3487 agitatione
1034 3416 1161 3493 agitata,
1185 3430 1290 3479 cautus
1309 3430 1413 3480 tamen
1430 3423 1481 3481 in-

328 3584 531 3599 ——u—q-

389 3710 418 3782 *)
441 3714 482 3768 De
493 3714 635 3769 Horatisui
653 3717 797 3775 hexametri
816 3730 844 3776 et
860 3725 890 3779 in
900 3726 998 3780 Setiris
1015 3737 1043 3784 et
1059 3732 1088 3787 in
1099 3736 1231 3808 Epistolis
1248 3736 1376 3792 solutiore
1394 3738 1479 3810 negli-

320 3796 411 3865 gentia
430 3799 533 3853 erudite
551 3800 688 3871 disputant
704 3806 864 3866 Kirslscerss
882 3814 911 3867 iu
930 3814 1028 3871 Horat.
1047 3820 1130 3877 satir.
1150 3830 1202 3876 stc.
1225 3842 1254 3896 p.
1267 3822 1363 3877 xxm
1373 3842 1433 3895 sqq.
1453 3832 1482 3880 et

321 3884 511 3952 Mergum.
525 3884 559 3939 de
571 3888 676 3943 satirae
688 3898 716 3945 et
726 3892 816 3964 Epist.
828 3896 925 3954 Horat.
936 3900 1087 3961 discrimine
1103 3926 1133 3979 p.
1144 3909 1179 3962 29
1189 3924 1249 3979 sqq.
1285 3906 1331 3961 Cf.
1344 3911 1379 3963 D.
1394 3910 1481 3965 Heiu-

319 3968 374 4023 sius
385 3968 420 4021 de
430 3972 519 4025 Satira
535 3972 631 4027 Horat.
643 3993 672 4047 p.
684 3979 712 4031 7.
724 3980 768 4033 ed.
781 3982 858 4038 1612.
900 3986 1047 4045 Hm.
1058 3991 1189 4047 Elemeut.
1200 3994 1287 4048 doctr.
1298 4005 1376 4049 usu.
1387 4015 1417 4068 p.
1428 3997 1482 4053 853

320 4072 381 4192 pqq·
401 4054 569 4199 1¹Itlpitomilp.
585 4060 645 4114 1³0.
680 4062 854 4122 Erotem
870 4071 992 4141 sequitur
1000 4076 1129 4147 Pinzger.
1146 4076 1175 4132 iu
1192 4081 1384 4149 „Versumse
1401 4082 1429 4137 d.
1442 4082 1479 4146 Q.

348 4157 388 4193 or.
439 4163 490 4215 .p.
549 4160 610 4215 sqq.

364 4258 433 4400 ὥς)
439 4264 511 4403 θἑὶιιὶ
523 4273 584 4321 ante
593 4266 733 4325 Horatium
749 4270 906 4345 scripserint
921 4274 1049 4348 epistolas
1064 4278 1200 4352 poiticas,
1218 4282 1319 4338 iudicat
1331 4284 1482 4341 rimmo

321 4364 351 4416 p.
417 4384 424 4398 .
474 4354 574 4409 4608,

390 4464 447 4536 m)
464 4468 535 4523 Idem
547 4470 713 4528 decessibus
725 4477 912 4548 conponendis
923 4480 1022 4537 suuis
1032 4482 1120 4555 pottis
1132 4484 1269 4558 praecepit
1279 4504 1393 4543 sumnus
1403 4506 1420 4543 e
1429 4506 1479 4546 co·

321 4551 449 4609 stratibus
460 4554 555 4625 poits,
570 4558 704 4615 ceusu.
727 4562 791 4615 vid.
804 4560 981 4620 Ecltesmsuni
991 4566 1155 4639 θωμαωὴσ
1164 4571 1214 4628 sss't
1228 4573 1313 4629 custo
1323 4575 1348 4629 I.
1360 4594 1389 4647 p.
1400 4574 1446 4632 ct.
