3450 5334
697 466 826 534 132
865 474 1432 542 commum
1469 479 1555 538 IN
1596 477 1936 539 110an
1975 476 2237 539 EPIST.
2263 476 2595 539 sucum).
2633 480 2788 543 Lm.
2807 481 2861 539 1.
2902 412 2929 441 0
2950 481 3041 546 26

694 648 1047 729 inscriptam
1088 646 1429 728 perhibent.
1512 649 1595 705 At
1632 644 1779 706 huic
1815 649 2149 707 sententiae
2196 645 2550 708 adversatur
2593 649 2825 708 notatio
2863 658 3041 707 tem-

695 772 913 832 porum
930 797 949 827 ,
993 770 1187 832 quum
1233 771 1314 810 ex
1358 751 1492 830 ipsa
1536 751 1811 830 Epistola
1842 753 1987 810 satis
2031 760 2345 830 appareat,
2389 747 2554 810 hunc
2595 751 2866 810 Lollium
2921 749 3038 810 ad-

696 853 951 914 modum
985 855 1276 931 juvenem
1320 853 1509 912 fuisse
1568 853 1670 933 (V.
1716 854 1777 917 1.
1815 855 1968 936 68.).
2069 855 2324 915 Saniora
2382 851 2588 912 docuit
2629 849 2903 912 Norisius
2951 851 3037 912 ad

698 954 1033 1038 cenotaph.
1079 959 1208 1016 Pis.
1241 958 1318 1031 Π,
1361 951 1460 1020 14.
1485 976 1551 1036 p·
1576 951 1755 1030 255„
1799 959 2025 1038 quippe
2061 958 2170 1038 qui
2194 958 2390 1036 Epist.
2411 957 2476 1017 2.
2508 966 2568 1014 et
2604 957 2704 1019 18.
2737 953 2818 1015 ad
2843 955 3038 1015 Lollii

699 1061 1033 1120 consularis
1060 1059 1257 1118 filium
1286 1055 1457 1116 datas
1485 1078 1617 1117 esse
1666 1069 1957 1118 censeret.
2042 1061 2205 1118 Eum
2231 1059 2425 1118 secuti
2461 1066 2604 1117 sunt
2623 1102 2642 1133 ,
2684 1067 2928 1138 praeter
2958 1061 3035 1119 P.

696 1167 985 1244 Baylium
1027 1164 1095 1220 in
1129 1161 1391 1220 Diction.
1437 1164 1569 1224 crit.
1610 1164 1716 1225 111.
1763 1180 1826 1241 p.
1865 1161 2008 1226 150.
2051 1173 2113 1220 et
2146 1164 2499 1222 Massonum
2538 1162 2605 1217 in
2632 1162 2754 1220 vit.
2783 1163 2932 1221 Hor.
2968 1181 3036 1241 p,

697 1262 847 1330 266.
866 1311 885 1342 ,
927 1266 1242 1325 Horatiani
1288 1262 1549 1323 editores
1588 1262 1979 1340 Sanadonm,
2023 1265 2323 1324 Gesnerus
2375 1273 2438 1322 et
2487 1263 2761 1343 plerique
2811 1282 3041 1321 recen-

696 1370 954 1443 tiorum,
996 1369 1140 1426 licet
1168 1368 1275 1425 ille
1317 1365 1440 1426 duo
1482 1375 1723 1425 tantum
1753 1367 2027 1438 (alterius
2061 1368 2289 1427 mentio
2317 1365 2387 1425 fit
2426 1366 2486 1440 1,
2530 1367 2631 1441 18,
2672 1362 2800 1443 63.)
2835 1363 3039 1423 fuisse

697 1471 914 1529 fratres
929 1515 946 1544 ,
991 1488 1252 1550 quorum
1280 1467 1382 1527 hic
1414 1479 1563 1528 natu
1594 1472 1905 1529 maximus
1935 1480 2093 1529 esset
2110 1515 2128 1547 ,
2176 1489 2256 1528 ex
2289 1468 2623 1528 rectissima
2662 1463 2868 1526 Bothii
2911 1466 3037 1524 ob-

699 1573 1036 1633 servatione
1059 1569 1228 1630 haud
1258 1582 1392 1630 tuto
1418 1573 1717 1648 conjiciat.
1802 1573 2070 1631 Fuerunt
2100 1581 2304 1629 tamen
2321 1616 2339 1647 ,
2384 1575 2492 1653 qui
2513 1591 2729 1631 vocem
2771 1571 3038 1626 maxime

699 1693 761 1731 v.
809 1673 867 1736 1.
900 1692 1025 1734 non
1068 1674 1148 1733 ad
1183 1685 1478 1749 aetatem,
1518 1672 1630 1734 sed
1665 1674 1747 1734 ad
1787 1677 1975 1733 animi
2018 1677 2269 1735 virtutes
2304 1671 2686 1734 referendam
2721 1693 2853 1731 esse
2891 1674 3037 1750 opi-

699 1786 1020 1854 narentur,
1066 1786 1134 1835 ut
1172 1778 1384 1853 Torr„
1430 1780 1613 1853 Dac.,
1662 1778 1890 1858 aliique
1918 1779 2168 1858 plurImi
2211 1787 2275 1837 et
2313 1798 2346 1834 e
2385 1777 2750 1837 nostratibus
2768 1820 2787 1850 ,
2831 1794 3039 1856 quan-

702 1898 891 1960 quam
923 1877 1003 1938 de
1032 1881 1236 1940 Lollio
1276 1880 1403 1940 filio
1434 1882 1534 1958 agi
1565 1899 1925 1960 persuasum
1975 1879 2262 1939 habuisse
2301 1877 2588 1937 videntur
2621 1876 2927 1936 Herderus
2971 1885 3040 1935 et

700 1981 982 2044 Conzius.
1065 1984 1149 2042 At
1190 1981 1458 2042 Herdero
1500 1984 1816 2063 ingeniose
1837 2027 1856 2060 ,
1896 1994 1969 2041 ut
2006 1983 2277 2055 solebat,
2321 1979 2398 2039 de
2424 1978 2540 2038 hac
2564 1999 2627 2038 re
2659 1980 3037 2060 disputanti:

699 2085 900 2161 „Dass
944 2084 1052 2144 das
1095 2089 1367 2145 maxime
1405 2087 1569 2145 Lolli
1616 2083 1785 2145 wohl
1832 2083 2003 2145 nicht
2049 2087 2149 2144 eiu
2176 2088 2439 2146 Beiwort
2471 2106 2580 2146 aus
2623 2080 2730 2141 der
2765 2080 3041 2141 Kinder-

703 2187 879 2246 stube
906 2189 1041 2246 sein
1068 2185 1237 2247 kann
1254 2233 1271 2264 ,
1316 2190 1477 2267 zeigt
1518 2186 1626 2247 der
1651 2187 1856 2247 Inhalt
1889 2186 1996 2248 des
2025 2191 2279 2251 Briefes.
2345 2183 2884 2251 Wahrscheinlich
2909 2206 3042 2244 war

702 2288 814 2348 der
848 2291 1038 2368 junge
1064 2292 1325 2367 Lollier,
1370 2311 1447 2349 an
1476 2289 1592 2348 den
1629 2288 1738 2348 der
1771 2292 1946 2349 Brief
1976 2291 2272 2370 gerichtet
2298 2297 2406 2368 ist,
2449 2296 2549 2352 ein
2578 2289 2753 2351 kiihn
2792 2308 3042 2369 empor-

702 2390 1056 2452 strebender
1092 2395 1425 2472 Jiingling,
1470 2391 1578 2451 der
1611 2395 1846 2452 seinem
1890 2392 2255 2455 Geschlecht
2295 2394 2458 2455 Ehre
2503 2393 2763 2454 macheu
2806 2394 3041 2453 wollte.

702 2495 820 2554 Die
863 2492 1108 2553 Anrede
1155 2497 1274 2568 ist,
1316 2497 1434 2553 wie
1468 2512 1537 2554 so
1578 2492 1770 2582 rieles
1811 2495 1900 2553 im
1938 2499 2115 2575 Hor.,
2160 2497 2386 2558 Schera
2430 2496 2558 2558 und
2595 2501 2806 2571 Ernst,
2851 2499 3044 2555 Ernst

702 2594 834 2656 und
863 2594 1153 2656 Scherz.“
1190 2596 1426 2655 obstare
1456 2595 1717 2655 dixerim
1754 2599 1944 2656 alium
1971 2600 2177 2659 locum
2210 2604 2287 2666 A.
2322 2606 2393 2664 P.
2420 2605 2570 2676 366,
2613 2603 2720 2660 ubi
2741 2602 3043 2659 Pisonum
3108 2588 3112 2592 ⁴

704 2711 856 2759 natu
878 2701 1073 2776 major
1100 2696 1316 2758 eodem
1343 2699 1469 2757 fere
1507 2699 1691 2759 modo
1723 2701 1958 2776 „major
1976 2703 2315 2779 juvenum“
2342 2706 2698 2785 appellatur.
2785 2705 2890 2762 Sic
2920 2702 3043 2762 od.

702 2802 768 2879 4,
801 2800 862 2878 4,
899 2800 1001 2867 14.
1043 2806 1240 2877 major
1266 2802 1603 2867 Neronum.
1695 2805 1864 2882 Virg.
1888 2805 2041 2871 Aen.
2074 2807 2136 2881 7,
2165 2806 2312 2872 532.
2368 2806 3038 2865 Natorum-mximas.

703 2906 839 2966 Ecl.
883 2905 944 2983 5,
984 2901 1047 2968 4.
1137 2906 1232 2964 Tu
1272 2908 1467 2979 major
1505 2906 1548 2964 i.
1580 2925 1636 2964 e.
1674 2917 1825 2964 natu
1853 2901 1934 2986 ²⁸¹).
2019 2908 2147 2968 Sed
2186 2920 2247 2968 et
2288 2911 2443 2968 alius
2477 2907 2579 2967 hic
2606 2905 2906 2966 notandus
2939 2919 3043 2966 est

706 3029 891 3069 error.
975 3009 1283 3088 Scaliger,
1324 3009 1631 3067 Marcilius
1650 3052 1667 3084 ,
1711 3009 2074 3071 Meibomius
2121 3011 2257 3092 (qui
2287 3012 2389 3071 vel
2419 3008 2568 3070 adeo
2593 3011 2865 3068 Lollium
2889 3009 3042 3067 fecit

705 3113 962 3190 Trojani
1010 3112 1165 3171 belli
1208 3114 1563 3192 scriptorem
1611 3131 1692 3170 ex
1739 3115 1988 3173 Horatio
2036 3113 2276 3194 notum)
2297 3159 2314 3191 ,
2373 3113 2651 3172 Gon-allus
2709 3110 2854 3191 (sub
2910 3131 3040 3194 quo

706 3217 953 3274 nomine
986 3215 1253 3274 Clericus
1295 3214 1503 3296 latet),
1550 3212 1631 3274 ad
1680 3235 1868 3298 quos,
1915 3214 2080 3298 quod
2124 3212 2304 3276 valde
2345 3216 2562 3292 miror,
2607 3215 2893 3274 accedere
2939 3218 3042 3275 vi-

844 3499 901 3571 ¹')
936 3501 1079 3555 Hinc
1114 3507 1172 3554 et
1200 3517 1265 3554 ex
1298 3505 1480 3555 annot.
1515 3500 1585 3559 ad
1617 3519 1674 3553 v.
1699 3503 1787 3556 68.
1825 3501 1986 3557 facile
2005 3501 2379 3574 dijudicantur,
2413 3518 2550 3574 quae
2580 3502 2639 3555 in
2671 3499 2885 3555 alteram
2907 3518 3036 3571 par-

706 3595 814 3644 tem
846 3589 1064 3660 scripsit
1097 3589 1291 3640 Bauer.
1325 3586 1364 3639 l.
1405 3585 1443 3639 l.
1485 3586 1751 3656 „Lollium
1799 3596 2003 3659 patrem
2040 3589 2322 3658 intelligit,
2375 3587 2575 3658 quippe
2618 3589 2707 3642 cui
2741 3587 3038 3658 Epitheton

703 3675 929 3730 auximi
953 3675 1252 3741 conveniat,
1287 3673 1431 3744 quod
1462 3691 1571 3727 non
1603 3673 1870 3729 addiderit
1903 3675 2100 3729 nomini
2133 3674 2292 3728 Lollii
2327 3677 2460 3745 ejus,
2493 3691 2649 3745 quem
2666 3691 2901 3743 puerum
2934 3692 3036 3745 ap-

704 3762 951 3836 pellaret.
1033 3762 1154 3816 Nec
1190 3778 1320 3815 vero
1355 3763 1612 3827 mnjoren
1646 3768 1822 3815 aetate
1865 3761 2085 3817 srauem
2130 3779 2198 3815 ex
2235 3761 2415 3831 Epist.
2453 3763 2505 3829 1,
2547 3764 2631 3830 18,
2667 3762 2756 3815 63.
2790 3759 3041 3829 intelligi,

706 3849 971 3904 Latinitas
1005 3849 1269 3920 pat-iatum
1316 3848 1564 3917 majorem
1594 3847 1764 3914 enim,
1807 3851 1867 3900 ut
1901 3865 1969 3901 ex
2003 3847 2235 3916 duobus,
2283 3847 2520 3912 diceret3
2565 3854 2622 3901 et
2665 3864 2794 3900 vero
2839 3846 3044 3914 frigeat

708 3937 866 4008 plane
902 3935 1199 4007 Epitheton
1230 3933 1394 3987 aetati
1428 3932 1716 4002 signandae
1752 3933 2005 4003 additum,
2041 3935 2195 4006 quasi
2228 3933 2502 3995 involucro
2533 3933 2793 4004 epistolae
2828 3941 2921 3986 aut
2955 3940 3040 3986 ta-

712 4023 849 4077 hulis
880 4022 1281 4096 praescriptum.
1356 4019 1485 4087 Quis
1518 4020 1660 4073 enim
1692 4019 1862 4089 ferat,
1907 4020 1964 4081 in
2010 4020 2127 4092 ipso
2165 4037 2323 4075 cursu
2356 4027 2414 4074 et.
2454 4026 2642 4076 tenore
2677 4019 2906 4088 aliquem
2942 4018 3043 4087 sic,

712 4128 768 4164 τ.
808 4126 857 4163 c.
897 4108 1217 4164 Germanice
1249 4105 1533 4178 appellarit
1578 4105 1731 4160 Mein
1780 4106 2013 4160 wer-ther
2058 4107 2256 4161 alterer
2288 4108 2434 4161 Hert
2466 4106 2716 4161 Lollius?
2769 4104 2930 4168 Quod
2976 4121 3046 4156 ne

712 4196 768 4248 in
801 4195 1221 4266 praescriptione
1252 4193 1463 4263 quidem
1486 4193 1731 4245 facerent
1763 4192 2010 4263 Romani,
2041 4195 2472 4266 praenominibus
2494 4193 2899 4261 distinguentes,
2936 4208 3046 4243 non

712 4282 903 4336 aetatis
949 4290 1089 4336 nota.
1165 4280 1324 4344 Quod
1360 4287 1533 4334 autem
1579 4280 1961 4352 praecipientis
1975 4320 1992 4351 ,
2040 4280 2166 4350 quin
2201 4280 2515 4352 castigantis
2529 4319 2545 4347 ,
2595 4278 2835 4332 oratione
2873 4277 3046 4330 utitur

716 4369 890 4440 poeta,
927 4385 1032 4421 non
1065 4367 1220 4422 modo
1255 4386 1313 4421 v·
1349 4368 1437 4421 68.
1480 4384 1664 4422 verum
1690 4369 1803 4437 Jam
1838 4366 1965 4420 inde
1996 4385 2047 4420 a.
2087 4386 2143 4421 v.
2167 4367 2256 4435 32,
2289 4367 2347 4420 id
2372 4383 2500 4420 vero
2525 4365 2592 4418 ad
2624 4365 2794 4435 ipsum
2816 4362 3044 4417 Lollium

716 4454 784 4506 ad
816 4470 971 4523 quem
1002 4455 1204 4508 scribat
1217 4494 1233 4522 ,
1279 4471 1387 4508 non
1421 4456 1589 4524 magis
1630 4455 1897 4509 referatur
1941 4459 2035 4508 aut
2068 4452 2347 4521 dirigam,
2383 4470 2542 4523 quam
2575 4452 2646 4505 ad
2678 4452 3045 4504 Maecenatem

716 4539 1040 4609 pertineant,
1081 4556 1221 4610 quae
1271 4539 1380 4610 Ep.
1430 4543 1481 4609 1,
1530 4546 1583 4597 1.
1630 4542 1757 4596 inde
1804 4558 1856 4595 a.
1904 4558 1963 4594 v.
2010 4542 2098 4596 28.
2151 4538 2293 4593 haud
2338 4556 2468 4594 sane
2512 4537 2714 4592 leniora
2754 4535 3043 4613 praecipit.
