3450 5334
328 492 394 559 254
425 490 713 559 commutanti
733 492 777 555 IN
789 490 1085 555 somniarat
1116 490 1243 553 EPIST.
1263 492 1402 565 QUINT.
1445 493 1488 557 64

328 680 525 739 Hoclzerlemr
532 722 545 751 ,
572 698 656 757 quem
673 679 745 738 vide.
787 677 897 737 Dictio:
924 678 1086 756 irnpesism
1099 679 1171 757 ser,
1199 680 1238 738 te
1265 698 1324 757 qua
1342 678 1487 740 somniant

328 782 422 842 Aaron
437 789 466 841 et
480 782 640 841 Scholiasta
650 781 753 859 Cruq,
774 800 792 840 a
810 782 964 837 Tor-reati>
979 788 1016 839 et
1031 780 1145 840 Orelleo
1161 782 1198 840 ad
1222 781 1372 860 imperium
1391 783 1486 841 mnri-

327 884 448 962 vatoris,
469 885 518 961 qui
535 884 610 941 idem
631 888 661 940 et
678 900 727 941 rex
751 886 782 939 et
794 882 926 940 dominus
940 888 971 942 et
982 900 1087 941 ooenae
1106 888 1191 962 pater
1205 902 1239 943 ac
1252 884 1389 960 magister
1403 897 1486 941 roca->

328 992 376 1043 tus
389 991 443 1063 est,
457 986 561 1045 rectius
578 984 708 1061 refertur,
724 1002 810 1058 quam
824 984 861 1043 ab
876 984 938 1044 aliis
950 987 989 1045 ad
1001 984 1171 1062 magistrum
1184 985 1244 1044 sive
1257 1002 1355 1061 regem
1370 982 1486 1041 bibendi

328 1086 392 1147 talis
405 1092 538 1146 meatum.
582 1084 715 1144 Similiter
725 1083 849 1144 Martial.
865 1087 905 1151 12
912 1128 923 1164 ,
941 1083 999 1165 48,
1024 1088 1075 1149 16.
1123 1087 1274 1145 Convivae
1286 1086 1364 1144 alios
1375 1107 1485 1145 coenu-

328 1210 398 1248 mm
425 1208 534 1267 quaere
558 1188 722 1265 magister,
754 1186 836 1263 Quos
858 1192 985 1266 capiant
1004 1209 1123 1246 missae
1140 1208 1236 1268 regno
1257 1185 1388 1264 superba
1404 1198 1484 1251 lucae.

328 1295 385 1351 Me
400 1312 483 1349 meua
501 1290 545 1347 acl
559 1288 675 1347 subitus
687 1290 793 1346 invitet
810 1292 929 1348 anneus
941 1290 1067 1370 osellaas
1090 1292 1180 1347 Haec
1193 1289 1285 1358 mile,
1306 1310 1400 1369 quam
1408 1311 1486 1368 pos·

330 1416 397 1453 eum
417 1392 558 1462 reddere,
580 1411 671 1449 coena
690 1390 801 1468 placet.
845 1391 1208 1467 Severeetiamlur.11,
1230 1390 1302 1452 129.
1321 1390 1485 1469 superbum

333 1498 500 1557 Convivam
515 1514 603 1551 caveo
610 1536 623 1563 ‚
643 1496 697 1572 qui
711 1514 758 1551 me
769 1492 829 1551 eibi
842 1506 999 1571 comparat
1006 1538 1018 1565 ‚
1040 1504 1067 1550 et
1080 1514 1128 1551 rea
1142 1494 1283 1570 Despicit
1294 1496 1428 1572 exiguae.

413 1596 447 1655 V.
465 1598 496 1659 7.
538 1594 940 1673 Iamdudum-supellex.
966 1598 1016 1656 Sic
1032 1592 1144 1674 Od.4,
1170 1595 1228 1674 11,
1249 1595 1282 1659 6.
1323 1595 1418 1653 Ridet
1430 1614 1485 1653 ur-

325 1710 417 1779 gento
438 1698 554 1755 domita.
598 1697 707 1774 0d.2‚
727 1697 784 1774 16,
808 1693 857 1759 14.
880 1710 1044 1776 palernum
1065 1698 1210 1777 Splendet
1228 1700 1262 1755 irs
1282 1718 1386 1755 assensu
1402 1700 1487 1755 unul

329 1800 473 1859 salinum.
495 1796 618 1862 Phaedr.
631 1795 669 1876 4,
691 1794 749 1876 24,
771 1798 820 1861 20.
857 1800 1043 1878 Splendebat
1058 1800 1158 1858 lrilare
1166 1799 1287 1878 poculis
1303 1802 1483 1864 convivium.

333 1902 495 1981 Splendcre
515 1896 611 1959 autem
629 1900 665 1958 de
688 1900 765 1958 omni
787 1900 906 1958 conavit
923 1908 1064 1979 apparatu
1080 1904 1198 1982 proprie
1218 1902 1273 1961 dici
1287 1902 1415 1979 pluribus
1433 1904 1485 1961 de-

328 2004 498 2065 monstravit
517 2004 717 2059 Burmannus
741 2002 779 2060 ad
795 1999 918 2062 Phaedri
938 2002 1084 2064 locum-et
1108 2008 1148 2065 ad
1161 2004 1242 2081 Virg.
1260 2003 1331 2066 len.
1347 2006 1385 2082 1,
1409 2004 1482 2069 637.

328 2107 419 2169 Lares
438 2105 489 2166 tali
511 2106 557 2164 die
572 2110 664 2162 tereos
680 2120 743 2161 ease
762 2120 844 2182 cera,
864 2104 1066 2183 fuliginemque
1081 2106 1137 2165 toci
1148 2112 1275 2165 amotum
1288 2112 1366 2164 recte
1380 2107 1484 2165 docent

333 2208 483 2279 schmitt„
502 2204 638 2267 Hoclred.
651 2212 679 2263 el
698 2204 830 2263 Orelliua
837 2227 851 2278 ;
872 2214 1048 2288 quapropter
1066 2206 1203 2266 falluntur
1223 2210 1291 2286 qui,
1313 2215 1348 2265 ut
1367 2208 1485 2266 Rodel÷

330 2312 404 2382 lires,
422 2311 609 2387 Desprezius
615 2350 627 2379 ,
648 2308 713 2385 alii,
730 2307 784 2366 lroc
796 2306 883 2366 verbo
898 2308 1036 2385 ignemin
1051 2311 1115 2369 loco
1133 2311 1217 2368 et-ad
1226 2310 1392 2386 coquendos
1405 2309 1484 2369 cibos

329 2421 361 2473 et
375 2415 412 2471 ad
426 2410 641 2489 temperandam
652 2408 784 2486 frigidam
798 2407 892 2467 balnei
905 2411 1079 2491 doecfiptnm
1092 2410 1275 2474 arbitrantur.
1308 2410 1355 2470 De
1368 2412 1484 2471 merula

330 2512 513 2591 supellectile
532 2512 569 2568 cl.
582 2508 669 2570 Orell.
694 2511 732 2569 ad
752 2510 810 2569 Od·
832 2512 870 2587 2,
891 2513 930 2590 7,
952 2514 1003 2578 21.
1024 2520 1056 2573 et
1070 2511 1176 2577 Allien.
1189 2511 1293 2593 Delpn.
1311 2516 1348 2594 2,
1365 2514 1396 2575 9.
1414 2514 1437 2573 I.
1451 2534 1481 2593 p.

332 2618 404 2679 187.
419 2615 463 2674 ed.
480 2612 639 2689 Schweigh.
1476 2650 1480 2665 .

415 2718 452 2779 V.
474 2718 506 2779 8.
530 2716 562 2777 9.
597 2712 689 2770 Mitte
706 2744 749 2759 -
764 2734 901 2773 causam.
947 2715 995 2776 Ob
1018 2717 1072 2777 boc
1087 2720 1215 2798 prudeus
1240 2718 1403 2795 consilium,
1424 2737 1482 2795 quo

330 2818 468 2879 Horatius
484 2817 662 2893 Torquatum
677 2814 786 2874 omissis
804 2814 888 2874 rebus
899 2820 1053 2878 machad
1063 2820 1190 2881 hilariter
1209 2822 1362 2880 vivendum
1376 2820 1483 2881 adhor-

330 2928 425 2997 tatur,
446 2920 615 2995 irrtarpretes
629 2919 744 2995 quidam
758 2918 897 2979 acutiores
914 2919 990 2979 hrmc
1007 2922 1092 2981 nimia
1111 2925 1200 2983 luisse
1212 2922 1384 3003 parsimonia
1394 2930 1483 3000 atque

252 3088 254 3095 ‚
330 3022 448 3081 avaritia
461 3020 516 3080 sibi
532 3026 740 3100 persuaserunt.
784 3018 826 3079 tt
840 3020 980 3080 Horatius
993 3024 1123 3084 omnibus
1134 3027 1194 3085 lue
1212 3025 1298 3101 loris,
1320 3024 1423 3102 quibus
1439 3025 1482 3083 hi-

329 3123 417 3185 larem
431 3124 600 3183 vitecosum
614 3120 845 3201 (sicutiatudium
860 3125 1026 3201 sapientiae
1037 3125 1131 3205 Epist.
1146 3128 1183 3206 1,
1203 3128 1235 3205 3,
1256 3123 1323 3205 26.)
1338 3144 1481 3186 commen·

330 3226 398 3302 dat,
419 3244 453 3285 ex
468 3224 567 3283 umbra
580 3224 700 3301 quasiet
717 3224 841 3284 tenebris
854 3224 946 3283 lucem
957 3225 1050 3305 elicit,
1072 3230 1092 3286 i.
1112 3247 1138 3288 c.
1153 3250 1243 3287 ouras
1253 3227 1482 3307 relinquendos,

330 3346 432 3385 severo
451 3326 613 3385 omittendo
623 3370 636 3397 ‚
662 3348 730 3405 sper
744 3324 931 3400 alp'icicndas
940 3344 975 3384 eo
987 3328 1104 3389 consilio
1116 3331 1270 3408 praecipit,
1291 3335 1325 3388 ut
1337 3332 1403 3410 ipsa
1415 3348 1484 3390 vera

330 3428 443 3489 avendi
462 3428 535 3488 ratio
552 3435 691 3509 appareat
702 3434 733 3487 et
744 3447 797 3487 sua
813 3427 903 3506 ipsius
922 3428 985 3487 luce
1003 3430 1200 3507 perturbatam
1214 3451 1248 3491 ac
1260 3438 1389 3491 vexatam
1407 3450 1482 3490 mor-

330 3530 430 3589 talium
453 3530 540 3588 vitam
566 3531 720 3591 collustret
763 3532 947 3609 Quapropter
970 3530 1019 3607 qui
1042 3531 1112 3592 haec
1131 3534 1196 3611 ipsa
1209 3534 1304 3593 amicis
1315 3533 1480 3592 Horatianis

329 3648 534 3708 usquequaque
544 3632 719 3711 ascripserit,
741 3651 778 3691 ne
793 3634 823 3691 in
837 3650 888 3691 eos
902 3652 1015 3691 omnem
1028 3633 1140 3711 erslpam
1159 3636 1264 3714 injuste
1280 3636 1434 3693 tramsuat
1445 3652 1481 3693 ac

329 3733 482 3815 plerosque
512 3737 542 3790 et
562 3732 722 3791 divitiarum
748 3740 779 3793 et
803 3734 942 3792 honorum
972 3735 1169 3814 cupidissimos
1195 3738 1297 3815 facim,
1325 3737 1482 3796 emendum

329 3836 391 3894 erit
412 3850 417 3858 ’
434 3830 558 3893 Multum
571 3852 685 3910 quoque
701 3836 827 3894 dandum
841 3854 909 3893 esse
915 3837 1107 3915 apostrophus
1124 3837 1187 3897 aive
1205 3839 1412 3918 compellationi
1435 3838 1482 3919 (ut

331 3937 390 3999 od.
404 3933 443 4015 4,
463 3938 503 4013 7,
525 3934 591 4015 20.)
606 3953 641 3994 ex
655 3935 800 3997 annotatis
813 3937 850 3995 ad
863 3936 957 4015 Epist.
977 3939 1012 4015 1,
1036 3938 1074 4017 1,
1086 3935 1139 4004 42.
1153 3951 1276 4021 apparet
1291 3951 1323 4001 et
1341 3944 1483 4002 reotedo-

330 4040 389 4099 cuit
410 4040 461 4099 Fi.
482 4037 640 4096 Jacobeiua
659 4037 709 4117 (V.
719 4060 750 4117 p.
769 4035 845 4118 34).
862 4038 1001 4119 Exempla
1023 4040 1123 4099 tabum
1140 4044 1178 4102 ad
1199 4062 1280 4103 curas
1297 4046 1482 4123 deponendas

321 4141 561 4209 ‚adhortationum
581 4140 669 4200 babes
684 4140 769 4199 haec:
796 4141 855 4202 od.
872 4141 910 4219 1,
931 4144 968 4220 7,
991 4143 1128 4207 12—-21.
1149 4146 1188 4221 2,
1219 4145 1279 4223 11,
1307 4142 1337 4206 4.
1357 4153 1412 4207 ete
1432 4148 1484 4223 16,

333 4244 383 4304 17.
398 4250 453 4307 etc.
470 4244 509 4321 3,
525 4244 626 4320 8,17.
642 4244 694 4307 28.
708 4243 767 4321 29,
788 4244 841 4307 26.
853 4248 908 4301 elt-
928 4240 968 4321 4,
991 4245 1049 4322 12,
1076 4245 1128 4309 26.
1142 4253 1198 4311 ete.
1212 4247 1379 4329 Epod.13,
1401 4250 1433 4309 7.
1450 4249 1482 4309 a

330 4342 422 4421 Epist
438 4345 474 4423 1,
487 4338 524 4421 4,
547 4344 599 4407 12.
642 4343 708 4405 Huc
727 4346 853 4423 aceedit,
875 4347 953 4421 quod
967 4346 1039 4405 Hor.
1052 4346 1090 4405 ab
1101 4350 1215 4428 amicis,
1236 4351 1275 4410 ad
1290 4366 1363 4426 quos
1375 4348 1483 4425 scribit,

331 4444 555 4523 quosqueprobe
569 4453 688 4507 noverat
700 4447 746 4505 vel
755 4467 774 4506 a
787 4447 891 4506 talibus
905 4446 980 4506 vitiis
991 4446 1175 4509 alimisaimos
1187 4451 1231 4510 rel
1244 4450 1384 4529 patientes
1399 4466 1484 4527 prae-

330 4544 440 4605 bituros
459 4561 522 4605 esse
543 4549 702 4630 praeceptis
722 4548 912 4611 sanarum
928 4566 1032 4631 ames,
1052 4550 1112 4610 iere
1129 4552 1234 4614 transit
1255 4551 1296 4612 ad
1307 4548 1484 4628 generaliora
