3450 5334
215 497 257 562 31
301 495 584 559 communem
603 497 645 556 111
665 495 834 557 nouom
846 495 979 558 EPIST.
991 495 1158 558 sucum).
1178 499 1295 563 HM.
1317 491 1379 560 lot

299 669 335 733 V.
359 668 390 734 l.
424 667 506 742 uter.
532 664 562 726 b.
582 665 686 744 scnpt.
708 667 790 727 Vell.
808 668 876 731 Pat.
897 668 928 743 1,
949 664 980 730 6.
1002 665 1041 727 de
1056 671 1190 730 Homero
1210 667 1283 726 tells·
1301 667 1385 747 quod

216 771 384 848 composuit
413 770 514 828 Troici
540 767 636 844 dixit3
668 769 707 828 of.
729 766 853 832 auhnk.
877 767 918 828 ad
947 770 976 843 1,
1007 770 1038 833 3.
1065 772 1209 831 Juvenali
1230 771 1281 848 11,
1309 768 1382 834 178.

215 875 367 932 Homerus
387 871 530 931 laudatur
554 869 697 930 Conditor
713 869 853 943 111αᾶ01,
872 873 1007 952 itemque
1028 875 1145 933 Auson.
1166 871 1257 952 ldyll.
1277 867 1309 948 4,
1330 871 1383 935 46.

215 975 302 1035 Alibi
322 974 404 1054 apud
418 975 522 1034 Horat.
538 993 670 1054 mugnus
686 971 851 1036 audisset.
869 976 898 1050 1,
921 974 971 1049 10,
990 976 1042 1050 62,
1066 975 1195 1054 nurgum
1207 977 1245 1035 1
1258 976 1293 1035 P.
1307 969 1383 1048 401,

218 1088 250 1136 et
268 1079 431 1136 Maeonius
459 1074 515 1137 0d.
537 1075 569 1152 4,
591 1078 622 1152 9,
645 1076 706 1150 10,
727 1076 782 1155 qui
797 1076 916 1154 peiores
927 1085 1027 1134 tusect
1044 1076 1147 1150 sedce,·
1169 1080 1280 1158 qus'qsu
1295 1097 1384 1136 mon-

216 1183 323 1238 strarit
331 1221 344 1251 ‚
364 1180 428 1238 Res
445 1188 550 1258 gestas
563 1197 727 1258 regumque
740 1179 912 1256 ducsuuque
926 1188 955 1234 et
976 1181 1074 1242 trisuo
1094 1179 1175 1238 bello
1207 1179 1273 1256 Quo
1292 1175 1386 1237 scribi

215 1292 339 1361 possent
354 1301 491 1352 numero,
512 1284 549 1342 A.
566 1283 602 1342 1².
615 1279 668 1343 73.
709 1283 810 1360 Atque
827 1277 913 1339 haud
932 1284 996 1342 scio
1010 1303 1049 1344 an
1063 1281 1112 1341 his
1126 1282 1269 1341 tenuibus
1284 1281 1384 1340 verbis

218 1385 360 1444 Horatius
375 1386 507 1445 Homero
520 1384 655 1464 palmam
672 1382 743 1442 dare
759 1385 889 1443 voluerit
909 1405 981 1465 pree
1002 1386 1070 1446 aliis
1090 1382 1239 1465 (Syagrus
1260 1382 1385 1464 quidam

219 1489 335 1566 primus
357 1487 526 1563 Trojanum
548 1487 663 1544 bellum
684 1487 828 1547 cecinisse
850 1487 960 1548 dicitur
980 1489 1018 1547 ab
1034 1489 1162 1547 Aeliano
1182 1490 1216 1545 in
1228 1489 1264 1548 V.
1278 1488 1314 1547 A.
1334 1485 1384 1562 14,

220 1587 288 1668 tt),
310 1591 364 1669 qui
385 1589 498 1664 „llinoa
519 1607 701 1668 componere
723 1591 789 1648 ausi
810 1601 895 1649 erant
909 1593 1078 1670 tempora,“
1098 1594 1211 1670 partim
1224 1591 1385 1664 variantes,

220 1694 332 1770 partim
354 1712 389 1750 ea
410 1692 587 1770 singulatim
608 1699 785 1766 tractantes,
814 1710 893 1772 quae
913 1693 1001 1750 illam
1021 1692 1238 1752 antecedebant
1258 1704 1290 1751 et
1310 1713 1386 1753 con-

221 1795 436 1874 sequebantur.
468 1793 536 1855 vid.
550 1796 649 1873 Heyn.
669 1793 798 1852 Excute.
821 1795 849 1856 1.
872 1792 912 1853 ad
929 1796 1011 1874 Vis-g.
1033 1797 1109 1859 Aen.
1130 1801 1170 1860 11.
1190 1819 1221 1877 p.
1240 1795 1313 1860 378.
1335 1794 1385 1854 ed.

221 1897 290 1956 Wr.
313 1906 343 1955 et
363 1897 396 1956 F.
415 1897 453 1958 G.
471 1894 635 1956 Weloker:
657 1900 724 1957 Der
740 1895 857 1973 eps‘sclse
873 1895 993 1974 Kyttm
1012 1897 1083 1955 oder
1101 1899 1150 1957 die
1168 1897 1387 1958 Homerssclsess

222 1998 352 2057 Dichter
371 1999 425 2056 in:
446 2001 525 2058 Erst.
548 1995 829 2079 supplementbend
853 2018 881 2056 z.
897 1994 1006 2056 iiheiu.
1027 2000 1106 2062 Mus
1128 2002 1151 2060 s.
1173 2000 1386 2065 Ρ111101.1836

221 2121 253 2180 p.
274 2098 338 2164 419
349 2133 392 2146 --
406 2099 478 2166 455.
520 2104 585 2160 Hoc
606 2104 634 2160 si
655 2111 749 2177 esset,
772 2102 915 2160 Horatius
936 2101 1021 2159 brevi
1041 2101 1124 2160 idem
1146 2102 1283 2180 dixisset,
1304 2100 1388 2183 quod

223 2203 359 2279 Vellejus
382 2204 403 2263 l.
425 2205 463 2266 l.:
485 2201 664 2283 (Homerus)
680 2205 891 2283 mgnituds'ns
910 2205 1009 2281 operis
1029 2215 1059 2262 st
1068 2205 1198 2285 judgors
1218 2209 1388 2264 carnum

221 2305 306 2364 solue
328 2305 483 2384 appellari
495 2306 590 2385 poe'tc
611 2307 737 2379 meruit,
759 2309 793 2364 irs
814 2327 874 2385 quo
892 2307 949 2365 hoc
969 2308 1135 2366 maximum
1155 2319 1212 2381 est,
1232 2309 1317 2388 quod
1332 2327 1389 2364 us-

225 2430 282 2490 que
301 2419 372 2469 cute
390 2409 502 2481 silum,
529 2429 617 2488 quem
637 2409 690 2468 itte
705 2411 894 2480 1111111111,
911 2429 1007 2489 neque
1023 2420 1096 2489 post
1112 2409 1203 2468 ulum
1211 2453 1224 2483 ,
1245 2412 1301 2490 qui
1320 2429 1390 2468 enus

225 2514 339 2572 imitari
353 2522 475 2591 posset,
501 2512 640 2571 iuventus
665 2521 718 2572 est.
763 2515 929 2571 Homerum
951 2531 969 2570 e
990 2513 1111 2573 Graecis
1133 2515 1311 2594 simpliciter
1336 2509 1389 2577 cdv

225 2611 356 2696 nosceris
381 2617 533 2680 nominari
559 2617 694 2697 itemque
727 2613 855 2674 scribere
883 2613 921 2673 de
949 2618 1048 2696 potitis
1074 2619 1196 2697 proprie
1224 2616 1303 2694 dici,
1339 2635 1388 2676 res

227 2728 273 2778 est
289 2728 370 2778 nota.

310 2821 345 2899 2)
368 2821 456 2882 Dum
481 2829 504 2880 t.
529 2819 683 2878 declama
695 2843 738 2870 ψ*
751 2817 854 2899 relegi.
899 2819 1047 2879 Gladius:
1069 2818 1235 2894 „wiihrend
1255 2821 1289 2877 in
1310 2823 1390 2880 Rom

228 2921 271 2982 du
295 2923 435 3004 giduseet
462 2924 506 2981 als
527 2919 663 2998 Redner,
692 2923 754 2980 Leo
778 2921 828 2980 ich
850 2921 915 2978 lu'er
935 2924 969 2979 in
992 2923 1195 2980 Praemew‘
1236 2921 1286 2981 Ad
1307 2919 1390 2982 huno

229 3045 361 3084 errorem
380 3028 415 3086 V.
436 3025 474 3085 D.
504 3043 575 3081 oum
595 3025 686 3099 Deo,
713 3020 843 3097 Sauad,
875 3021 1043 3099 Wieland.,
1065 3025 1132 3082 aliis
1153 3020 1302 3083 adductus
1323 3044 1389 3082 esse

229 3127 350 3188 videtur
372 3127 521 3209 particule
548 3125 642 3197 1111111,
676 3143 754 3205 quae
782 3123 1001 3203 significatione
1032 3124 1222 3203 ,‚wiihrend‚
1257 3124 1390 3184 indem“

228 3249 372 3310 praesens
393 3240 513 3310 tempus
534 3229 653 3288 asciscit
673 3230 766 3287 etiam
780 3238 856 3302 urm,
879 3246 975 3308 quum
988 3238 1108 3308 tempus
1118 3231 1183 3307 jam
1195 3232 1392 3310 praeteritum

229 3332 353 3408 indicat,
365 3333 497 3412 perfecto
515 3333 566 3391 vel
581 3329 778 3410 praecedente
793 3333 844 3390 vel
860 3330 1078 3412 subsequente3
1101 3343 1136 3390 ut
1149 3332 1206 3392 od.
1226 3334 1254 3407 1,
1264 3335 1318 3408 22,
1337 3332 1391 3395 10.

230 3437 261 3512 3,
283 3438 333 3511 11,
350 3436 401 3498 23.
420 3437 516 3515 Epist.
535 3437 563 3510 1,
581 3435 630 3509 19,
648 3435 697 3497 16.
715 3435 746 3510 2,
763 3435 793 3510 l,
805 3436 835 3497 7.
857 3437 893 3493 Α.
907 3437 942 3495 P.
957 3433 1029 3498 466.
1049 3432 1126 3494 Vide
1137 3432 1248 3496 Heind.
1270 3433 1308 3493 ad
1326 3435 1391 3496 Sat.

232 3540 262 3614 1,
278 3537 308 3614 6,
328 3537 389 3614 72,
411 3548 451 3614 et,
470 3539 523 3618 qui
537 3536 575 3596 de
589 3556 625 3594 ea
638 3557 670 3595 re
685 3534 847 3616 diligenter
858 3535 1008 3612 disseruit,
1030 3537 1184 3597 Handium
1197 3539 1231 3596 in
1244 3538 1334 3600 Ture.
1350 3538 1391 3598 ll.

230 3660 261 3721 p.
281 3641 355 3706 306.
380 3659 446 3721 sqq.
466 3641 513 3700 ef.
532 3641 645 3718 Wagn.
662 3636 702 3698 ad
721 3641 804 3720 Virg.
823 3641 878 3701 Ge.
900 3636 932 3716 4,
958 3640 1030 3705 660.
1051 3639 1214 3699 declames.
1258 3641 1310 3698 llx
1330 3657 1391 3719 quo

230 3754 366 3824 tempore
381 3745 473 3802 etiem
491 3743 594 3800 Cicero
614 3736 762 3816 (rhetores
780 3743 863 3800 enim
879 3745 983 3824 paullo
1000 3754 1069 3802 ante
1088 3743 1239 3803 Ciceronis
1254 3752 1392 3820 tempora

137 3877 138 3882 1
231 3849 384 3906 exstitisse
399 3855 501 3905 narret
514 3854 618 3904 auctor
631 3845 709 3903 Dial.
728 3843 767 3903 de
784 3845 877 3909 unet.
898 3866 925 3910 0.
940 3839 1010 3927 36.)
1023 3843 1133 3905 ludum
1143 3847 1231 3926 quasi
1243 3847 1392 3924 eloquen-

231 3953 291 4010 tiae
310 3959 468 4031 aperuerat
487 3943 599 4032 (Epist.
621 3944 662 4004 ed
681 3947 789 4011 Famil.
812 3951 843 4024 7,
862 3948 914 4013 33.
935 3949 966 4023 9,
988 3949 1038 4013 13,
1059 3948 1332 4010 1111190100.
1353 3944 1393 4004 ad

231 4053 324 4116 Ture.
343 4053 371 4128 1,
386 4047 416 4127 4,
429 4053 459 4114 7.
482 4061 512 4110 et
525 4052 622 4110 Beier.
644 4048 683 4108 ad
695 4049 754 4118 Off,
767 4054 798 4127 2,
817 4051 869 4126 13,
882 4044 950 4133 47.)
970 4048 1081 4110 harum
1104 4049 1224 4109 dicendi
1243 4051 1393 4108 exercita-

231 4157 368 4229 tionum,
393 4172 468 4236 quas
493 4153 600 4212 Graeci
625 4149 747 4234 periitne
771 4163 898 4230 vocant,
920 4150 1107 4215 consuetudo
1132 4155 1175 4210 ita
1192 4153 1337 4229 invaluit,
1358 4162 1394 4212 ut

232 4257 363 4317 Romani
381 4259 526 4335 juvenes,
549 4259 602 4337 qui
618 4257 658 4317 ad
679 4259 899 4338 rempublicam
919 4255 1062 4316 accedere
1079 4254 1238 4331 volebant,
1259 4253 1318 4315 hoo
1337 4253 1394 4315 de·

233 4362 448 4420 clamationum
467 4377 594 4437 genere,
616 4359 699 4442 quod
714 4382 764 4442 ap.
779 4363 882 4434 onina
896 4363 929 4418 in
941 4362 1015 4418 lnst.
1032 4359 1062 4433 2,
1080 4357 1130 4433 10,
1144 4359 1193 4420 12
1205 4358 1395 4432 juds'csorum

234 4463 335 4541 inungo
349 4472 379 4520 et
394 4459 424 4533 4,
442 4463 474 4536 2,
487 4461 539 4524 29.
550 4463 724 4540 fhrecsissm
737 4465 892 4522 actionum
902 4460 1055 4520 1111111060
1067 4462 1258 4537 nominatur,
1274 4463 1395 4520 muneri

235 4566 363 4626 oratorio
389 4562 601 4646 praeluderent
629 4565 765 4627 forenses
784 4567 917 4628 actiones
937 4561 1112 4624 meditando
1135 4563 1273 4647 fictisque
1295 4567 1395 4625 censis
