3450 5334
317 655 432 715 Grneoe
444 658 536 714 vertit
545 657 715 736 Epistulam
729 626 812 737 p
815 686 818 708 :
835 692 840 709 .
918 687 939 709 ,κ
955 624 1011 718 ¹5.

241 769 286 814 tur
298 751 528 840 Μεταφρᾶσεις.
572 759 755 839 Semnslung
769 779 830 820 von
847 761 1112 844 Uebersetzungen
1135 767 1184 826 ins
1200 765 1397 827 Grieohisehe

238 891 277 900 -
290 859 397 918 Koelln
413 879 465 918 sm
476 857 576 919 Rhein
587 861 680 924 1825.
697 861 757 942 Ρ.8
772 881 850 943 sqq,
872 865 905 922 in
920 867 1054 945 petrium
1073 887 1246 929 sermonem
1258 871 1395 950 singule-

237 961 286 1016 tirn
301 959 430 1021 IIerder.
449 965 483 1021 in
493 963 641 1024 Adrastea
654 967 693 1024 11.
703 963 735 1026 3.
748 983 780 1044 Ρ.
789 963 909 1047 40sqq.

706 1193 914 1208 -Ι--α-

609 1217 622 1250 t

310 1351 347 1411 V.
364 1351 395 1412 1.
409 1385 449 1395 -
479 1353 623 1413 ennena.
647 1355 789 1414 Horatius
797 1355 969 1415 Maecenati
988 1376 1072 1431 sese,
1094 1353 1178 1437 quod
1189 1357 1275 1416 nulls
1290 1355 1391 1414 nsittnt

230 1457 384 1528 poemate,
412 1466 612 1516 excusaturus
629 1466 721 1538 etque
736 1477 859 1518 omnem
870 1459 982 1537 ingrati
1000 1461 1096 1518 enimi
1115 1481 1135 1520 e
1150 1481 1184 1520 se
1201 1461 1324 1539 culpem
1340 1480 1390 1517 re-

227 1564 380 1628 moturus,
402 1567 565 1635 patronum
589 1579 679 1618 sumn
705 1558 778 1618 dicit
811 1560 1047 1640 digru'eeimum,
1076 1565 1132 1640 qui
1153 1564 1287 1621 carmine
1307 1583 1389 1620 men-

227 1677 318 1732 quum
343 1679 407 1716 non
428 1658 611 1731 celebretur,
641 1663 704 1719 sive
724 1663 813 1735 qu‘ns
840 1683 948 1720 norrun
970 1661 1136 1744 laudesque
1158 1675 1195 1724 ut
1211 1664 1286 1722 olim
1311 1664 1389 1722 eele-

227 1756 378 1830 bravml,
405 1763 450 1820 ita
468 1763 503 1820 in
515 1774 669 1842 poeterum
681 1764 830 1842 polimutre
837 1805 851 1835 ,
882 1766 911 1821 ei
929 1765 1162 1845 quaejbetums
1179 1768 1240 1838 sit,
1261 1776 1385 1823 inierat.

225 1860 351 1940 Singula
372 1863 467 1942 igitur
486 1867 578 1925 verbu
591 1885 654 1927 non
665 1870 756 1926 anxie
772 1865 938 1947 premendo
951 1867 1102 1944 videntur,
1119 1866 1203 1950 quod
1215 1867 1323 1948 pnruni
1334 1888 1387 1926 cn-

223 1975 329 2024 verunt
342 1965 497 2026 Daeeriue
510 1980 540 2026 et
553 1969 692 2030 Klotzius
709 1971 820 2050 (Lectt.
832 1972 945 2031 venus.
957 1989 987 2048 Ρ.
998 1966 1056 2051 28)
1069 1973 1205 2049 priorum
1222 1969 1387 2028 Camenam

222 2071 355 2126 carmina
371 2070 484 2148 Ιγτίοα,
512 2091 664 2132 sumntum
687 2075 845 2134 murnum
868 2089 965 2150 genus
985 2071 1090 2150 (Dour
1111 2074 1157 2131 les
1175 2073 1294 2151 poesies
1315 2091 1386 2130 mo·

222 2171 313 2251 ntes)
337 2175 561 2252 intelligentes,
583 2179 648 2253 vel,
668 2187 703 2236 ut
719 2179 772 2236 alii
790 2177 916 2248 volunt,
935 2176 1072 2253 prunam
1088 2175 1218 2252 Satires,
1233 2190 1385 2234 summam

222 2274 382 2352 Epistulas.
435 2279 559 2335 Etenim
586 2289 622 2340 ut
648 2278 727 2340 nihil
752 2298 835 2338 nuno
858 2277 959 2337 dicum
984 2277 1022 2336 de
1050 2287 1203 2359 tempore,
1235 2299 1296 2360 quo
1317 2281 1383 2338 llo-

222 2379 311 2435 retius
326 2397 383 2436 sue
394 2380 471 2438 rarii
483 2383 601 2459 generis
614 2403 705 2463 opere
720 2384 940 2463 composuerit,
961 2381 1029 2461 ipsu
1054 2381 1203 2442 Camenae
1217 2382 1382 2461 appellatio

219 2477 355 2558 impedit,
379 2488 557 2563 quominus
578 2505 635 2544 neo
652 2487 766 2546 Sutirss
779 2506 880 2567 neque
899 2485 1052 2565 Epistoles
1067 2485 1289 2564 intelligemus,
1311 2486 1382 2567 qui-

220 2581 273 2640 bus
291 2585 358 2663 ipse
376 2589 530 2646 utiliusne
550 2587 697 2668 pedestris
719 2589 831 2650 fetibus
854 2589 976 2671 (Satn,
999 2589 1029 2661 6,
1047 2586 1112 2667 17.)
1133 2597 1310 2666 poematum
1322 2609 1382 2648 no-

218 2703 286 2744 men
304 2686 436 2767 deneget
458 2689 536 2768 (Set.
555 2693 588 2766 1,
611 2687 648 2767 4,
670 2689 738 2770 40.)
760 2710 889 2772 eamque
912 2691 951 2749 ob
977 2708 1043 2748 rem
1059 2691 1092 2746 in
1108 2710 1235 2770 operum
1255 2709 1382 2749 snorum

218 2809 308 2848 censu
326 2789 438 2871 (Epist.
456 2794 490 2867 1,
507 2792 572 2873 19.)
587 2794 705 2869 omisit,
725 2792 808 2874 quod
827 2795 905 2852 bene
919 2792 1059 2854 observat
1080 2794 1263 2850 sententiam
1278 2811 1381 2850 means

217 2887 260 2970 (p.
276 2894 308 2953 7.
325 2891 374 2954 ed.
391 2893 435 2972 1.)
454 2913 509 2952 sue
526 2896 725 2974 comprobans
748 2899 922 2956 assensione
942 2891 1130 2952 Kirelrnem
1148 2895 1182 2950 in
1206 2893 1380 2951 Satbumm

216 2994 348 3054 editione
372 3017 403 3076 p.
431 2995 502 3059 157.
531 2997 616 3054 etin
649 2999 771 3076 Quaest.
791 2997 975 3057 florentinis
997 3016 1030 3075 p.
1053 2993 1105 3058 35.
1169 2997 1236 3054 Huc
1263 2995 1379 3054 neeedit

213 3109 333 3176 praeter
356 3103 444 3158 illam
465 3101 683 3180 metonymiam
712 3100 861 3160 Canterius
883 3121 938 3181 pro
971 3099 1104 3158 carmine
1131 3099 1183 3156 vel
1210 3099 1298 3178 lyrici
1327 3100 1379 3158 vel

214 3203 293 3279 epiei
309 3205 427 3280 generis
453 3201 523 3279 (0d.
548 3204 585 3277 1,
610 3204 659 3278 12,
681 3204 738 3278 39;
761 3199 797 3278 4,
819 3203 857 3277 9,
873 3203 920 3284 8.)
940 3202 1032 3262 etiem
1054 3200 1182 3258 verbum
1201 3201 1323 3260 dicendi
1343 3201 1377 3260 in

214 3300 355 3362 leudibus
382 3305 432 3362 vel
461 3302 588 3362 deorum
612 3306 664 3364 vel
692 3306 911 3364 excellentium
934 3306 1070 3363 virorum
1093 3305 1215 3383 proprie
1245 3323 1376 3383 usurpo-

211 3415 295 3481 tum,
331 3404 394 3468 rid.
422 3404 560 3465 Broukh.
582 3404 621 3464 ed
648 3406 720 3467 Tib.
746 3408 784 3481 2,
810 3409 845 3482 1,
868 3403 910 3470 54
941 3416 973 3465 et
1001 3408 1139 3486 Propert.
1170 3407 1207 3482 2,
1236 3406 1293 3481 10,
1322 3409 1375 3469 12.

210 3509 370 3566 Praeterea
390 3529 467 3588 quse
482 3519 651 3590 sequuntur
665 3505 743 3566 nihil
761 3507 845 3569 aliud
865 3505 1011 3584 indicent,
1030 3509 1090 3566 nisi
1105 3528 1139 3567 se
1160 3529 1224 3568 nou
1243 3510 1373 3588 amplius

207 3611 355 3690 juvenem
378 3609 538 3672 abhorrere
562 3632 581 3671 e
609 3609 811 3686 omninibus,
842 3599 959 3690 quibus
981 3612 1058 3670 olim
1079 3609 1245 3671 delectatus
1271 3611 1373 3668 inerit.

208 3715 398 3792 Quapropter
417 3733 480 3774 non
502 3715 649 3774 assentior
672 3711 852 3787 Heindorfio
877 3710 917 3771 sd
943 3712 1008 3772 Sat.
1028 3715 1065 3786 1,
1087 3714 1106 3777 1
1130 3723 1161 3772 et
1179 3711 1373 3792 Grutefindtb

208 3819 241 3874 in
269 3817 436 3897 Enoyolop.
461 3818 588 3876 lielensi
604 3816 686 3876 Sect.
697 3819 736 3875 11.
755 3817 796 3876 Τ.
817 3817 856 3874 Χ.
885 3834 918 3895 Ρ.
939 3811 1021 3889 462,
1044 3817 1098 3896 qui
1115 3817 1253 3894 primam
1283 3815 1368 3874 Cam.

207 3917 339 3998 primum
363 3918 432 3977 libri
451 3919 543 3997 primi
565 3919 697 3978 Setinum
716 3915 764 3977 his
788 3917 888 3977 verbis
908 3914 1075 3975 indicatam
1094 3920 1214 3978 volunt.
1254 3915 1370 3987 Quum-

207 4039 301 4094 qnnm
320 4021 414 4098 igitur
435 4031 515 4080 recte
535 4021 723 4080 Kirchnerue
751 4019 898 4102 (quorum
921 4019 962 4077 ef.
982 4019 1075 4099 unq.
1100 4040 1132 4099 Ρ.
1152 4012 1246 4093 512.)
1264 4017 1370 4094 prima

207 4133 237 4180 st
254 4143 376 4181 summa
395 4123 529 4182 Camena
539 4143 603 4183 non
627 4127 686 4184 olio
707 4125 838 4184 curminn
857 4141 951 4204 quum
962 4121 1059 4202 lyrica
1074 4119 1235 4200 significari
1252 4120 1368 4195 statuit,

205 4227 278 4284 nolo
295 4236 400 4284 tamen
420 4245 492 4283 oum
512 4225 684 4286 Scholiasta
703 4228 794 4306 Cruq.
803 4267 817 4296 ,
838 4223 958 4283 Bonds‘o
966 4265 980 4293 ,
1001 4221 1143 4280 Miuellzb
1160 4221 1288 4304 aliisque
1295 4223 1368 4300 pri-

205 4347 287 4386 mam
301 4329 336 4387 0.
353 4326 393 4386 nd
408 4329 538 4407 primam
548 4329 638 4390 odem
653 4340 759 4389 exacte
773 4327 925 4407 anxieque
941 4324 1069 4400 referre,
1090 4326 1163 4383 licet
1174 4321 1233 4384 hoe
1244 4344 1367 4384 ourmen

205 4438 274 4488 ente
289 4427 371 4488 huno
386 4430 557 4511 Epistolem
573 4435 719 4513 seriptum
729 4433 858 4490 libenter
879 4423 1054 4486 concedam.
1102 4427 1199 4488 Paulo
1221 4428 1309 4486 nliter
1327 4425 1366 4487 do

203 4527 261 4590 beo
281 4532 369 4592 omni
388 4551 421 4590 re
447 4533 537 4590 sentit
561 4533 757 4614 Doerings'ne.
816 4530 904 4609 Quod
931 4531 1085 4615 reliquum
1103 4538 1174 4606 est,
1194 4532 1290 4592 Potite
1313 4526 1365 4590 hie
