3450 5334
331 555 371 620 62
437 559 717 619 ΟΟΜΜΕΝΤΑΒΠ
744 559 784 615 ΙΝ
808 550 975 615 nostru
996 554 1127 615 EPIST.
1149 555 1257 615 enm.
1284 555 1360 613 nm.
1381 556 1407 613 1.

332 731 445 788 melior.
495 731 563 786 Hoc
581 729 658 786 milri
671 729 746 784 satis
761 739 823 795 est,
845 726 977 805 quotidie
988 726 1112 806 ab'qaid
1125 745 1160 784 ex
1175 725 1257 782 ctas
1277 726 1351 782 areis
1377 724 1494 782 &mae

335 845 362 890 et
376 853 485 890 errores
502 853 581 890 meas
592 831 763 910 objurgare.
798 829 871 886 Non
879 832 1008 906 perveni
1021 830 1066 887 ad
1074 829 1246 902 sanitatm
1269 847 1307 883 ne
1314 829 1494 905 perveniam

320 933 452 1014 'quidem
476 945 531 992 etr.
576 935 622 990 De
641 935 694 990 illa
723 931 948 1010 desperatione,
986 951 1045 1013 qua
1065 928 1205 990 homines
1227 931 1359 1007 experiri
1383 929 1493 1002 nolint,

333 1038 415 1120 quod
436 1057 468 1095 se
487 1056 576 1116 posse
596 1037 716 1115 assequi
734 1032 889 1109 diffidant,
911 1038 1031 1114 egregia
1051 1043 1152 1092 exstat
1174 1034 1324 1090 sententia
1339 1033 1494 1090 ciceronis

332 1143 415 1201 Oret.
434 1144 469 1214 1,
490 1136 520 1203 4.
569 1137 659 1215 Quod
671 1140 799 1216 siquem
811 1147 867 1194 aut
879 1148 991 1196 παίωνα
1010 1159 1068 1196 sua
1077 1179 1091 1207 ‚
1110 1145 1166 1192 aret
1180 1132 1430 1210 illapraestaatie
1444 1132 1495 1188 ia-

330 1246 416 1324 geuii
430 1245 477 1301 vis
483 1243 568 1321 sorte
579 1241 697 1316 defiolet
704 1281 715 1310 ‚
736 1251 792 1297 aut
807 1240 908 1297 minue
921 1242 1085 1298 instructus
1103 1240 1160 1296 erit
1179 1256 1364 1315 magnamm
1380 1237 1495 1292 artirm

334 1345 518 1422 disciplinis:
542 1353 639 1399 teneat
655 1354 755 1400 tamm
774 1363 841 1400 eam
856 1363 979 1401 erasum
986 1385 998 1412 ,
1020 1361 1108 1422 quem
1120 1342 1241 1419 poterit.
1288 1339 1397 1396 Prima
1414 1339 1496 1393 enim

334 1458 501 1527 sequentem
514 1445 669 1502 honestam
683 1457 727 1502 ast
745 1447 778 1502 in
799 1446 940 1504 secandis
954 1447 1105 1524 tertiisque
1124 1445 1289 1501 consistere.
1335 1439 1423 1512 Quod
1443 1439 1493 1496 di-

335 1561 417 1609 ctum
432 1553 464 1606 in
480 1567 566 1607 suam
586 1569 650 1607 rem
672 1550 818 1607 convertit
847 1549 973 1620 Quintil.
990 1550 1066 1604 lust.
1091 1549 1148 1622 12,
1172 1546 1230 1620 11,
1252 1545 1294 1607 26
1308 1562 1376 1622 sqq.
1405 1542 1492 1600 Cous.

334 1655 474 1712 Prooem.
497 1647 526 1732 §.
546 1654 597 1714 20.
620 1663 649 1710 et
671 1652 790 1709 Colum.
807 1651 843 1707 R.
865 1652 902 1707 R.
926 1668 1061 1728 prooem.
1080 1671 1113 1728 p.
1127 1650 1180 1712 21.
1199 1650 1267 1727 Bip.
1283 1648 1362 1724 Apte
1377 1645 1494 1702 confert

335 1755 504 1814 Hoclreder.
531 1756 630 1812 Pleut.
651 1757 738 1814 Trin.
755 1757 793 1829 2,
817 1750 855 1827 4,
877 1750 929 1815 84.
951 1785 993 1794 -
1013 1751 1048 1809 Si
1063 1770 1168 1808 verum
1187 1760 1242 1824 est,
1260 1751 1387 1807 Po'e'tam
1398 1766 1429 1804 v.
1440 1747 1494 1807 27.

335 1879 402 1940 sqq.
421 1859 590 1937 respexisse
608 1857 779 1916 Stoicorum
796 1857 909 1935 placita
926 1851 977 1929 (et
997 1851 1104 1932 quidni
1125 1852 1306 1931 respexerit,
1328 1869 1397 1908 cum
1414 1849 1495 1907 inira

335 1981 365 2018 v.
382 1961 443 2022 106
457 1962 522 2039 ipsa
538 1956 570 2016 id
582 1961 672 2017 verba
690 1955 904 2038 declarenti),
926 1959 1018 2014 etiam
1031 1953 1081 2012 hic
1094 1956 1179 2012 locus
1194 1955 1326 2012 similem
1339 1949 1495 2031 putandus

336 2074 382 2122 est
397 2061 520 2121 duxisse
536 2061 678 2118 colorem.
723 2061 817 2120 Stoici
839 2061 939 2134 enim,
972 2077 1067 2138 quum
1085 2058 1307 2116 incrementum
1320 2057 1413 2134 ipsius
1429 2055 1495 2112 vir-

335 2166 408 2224 tutis
421 2165 443 2220 i.
461 2183 487 2221 e.
509 2162 664 2221 absolutae
684 2175 714 2222 et
731 2183 869 2222 nuraaoe
884 2181 954 2219 aias
972 2159 1111 2218 Menas
1130 2161 1288 2234 tollerent,
1318 2156 1496 2217 hominibus

336 2267 510 2346 vulgaribus
524 2267 545 2323 1.
559 2285 586 2323 e.
599 2285 662 2323 nou
671 2263 871 2343 sapientibus,
884 2264 1056 2323 communia
1069 2273 1189 2320 tantum
1200 2262 1298 2321 officia
1313 2260 1495 2332 tribuebant,

337 2371 498 2450 quosquis
514 2379 544 2425 et
566 2368 679 2445 ingenii
702 2368 836 2426 bonitate
855 2377 886 2424 et
903 2367 1113 2446 progressione
1132 2363 1268 2424 discendi
1288 2363 1409 2443 assequi
1422 2381 1497 2440 pos-

337 2483 392 2530 set.
434 2473 480 2529 De
494 2490 526 2529 re
546 2472 611 2548 ipsa
630 2468 717 2528 docte
732 2469 897 2548 disputavit
915 2470 1013 2527 Beier.
1031 2467 1071 2527 sd
1094 2469 1157 2526 cic.
1172 2466 1230 2526 off.
1243 2467 1280 2542 3,
1302 2466 1334 2529 8.
1350 2462 1389 2538 43
1409 2464 1449 2522 cf.
1466 2465 1496 2539 1,

339 2574 389 2648 15,
404 2568 457 2634 46·
498 2575 576 2630 Hinc
592 2571 706 2630 Seneca
726 2575 822 2653 Epist.
843 2573 892 2634 16.
915 2571 1048 2650 Liquere
1065 2569 1121 2628 tibi
1135 2570 1191 2629 boc
1206 2571 1282 2640 scio,
1302 2567 1422 2638 Lucili,
1442 2587 1499 2624 ne-

337 2676 448 2732 minem
463 2695 552 2752 pcese
570 2673 653 2731 beate
672 2677 790 2746 vivere,
811 2694 848 2731 ne
871 2671 1064 2731 tolerabiliter
1085 2673 1227 2753 quidem,
1247 2674 1312 2730 eine
1332 2671 1499 2747 sapientiae

338 2777 460 2850 studi05
483 2787 511 2834 et
525 2776 643 2834 beatam
657 2781 752 2836 vitam
764 2776 901 2857 perfecta
921 2778 1072 2855 sapientia
1084 2777 1162 2855 effici
1169 2799 1182 2849 ;
1209 2771 1393 2832 tolerabilem
1406 2773 1500 2830 etiam

338 2879 490 2938 inchoata.
537 2881 583 2939 Cs.
599 2878 752 2940 Plutarch.
771 2879 809 2938 de
824 2881 951 2959 profect.
971 2883 1073 2938 virtut.
1090 2889 1168 2938 sent.
1186 2881 1237 2940 Vl.
1251 2899 1282 2957 p.
1297 2875 1360 2937 279
1377 2893 1446 2955 sqq.
1459 2878 1497 2934 R.

422 2984 459 3042 V.
471 2981 523 3045 83.
567 2983 674 3041 Fervet
691 3017 734 3031 -
744 2993 861 3060 pectas.
906 2985 1019 3042 Notata
1035 2982 1162 3061 dignum
1178 2992 1239 3057 est,
1262 2984 1404 3056 Potitum,
1426 2983 1498 3040 nbi-

339 3105 458 3165 ornique
472 3104 571 3145 mores
595 3105 667 3143 suae
687 3086 793 3143 aetatis
807 3087 992 3164 perstringit,
1015 3103 1105 3143 avaro
1120 3086 1233 3163 primas
1248 3085 1380 3144 tribuere
1396 3097 1499 3165 partes

339 3184 378 3244 ad
397 3207 527 3267 eumque
543 3189 586 3245 ire
600 3187 767 3268 redireque,
790 3187 875 3263 cujus
887 3189 931 3245 rei
948 3207 1071 3246 causam
1086 3189 1161 3246 scite
1171 3189 1290 3266 aperuit
1300 3189 1336 3246 F.
1350 3191 1389 3245 A.
1397 3189 1498 3247 Wolf.

340 3285 380 3346 ud
394 3287 458 3346 Sat·
476 3291 503 3362 1,
522 3291 550 3350 1.
565 3310 596 3368 Ρ.
610 3291 640 3352 9.
685 3292 732 3349 Cf.
749 3289 813 3350 Sat.
829 3291 866 3365 1,
883 3286 919 3365 4,
931 3291 985 3351 26.
1006 3292 1044 3365 2,
1062 3289 1092 3365 8,
1109 3291 1151 3352 82
1164 3308 1232 3369 sqq.
1246 3291 1283 3365 1,
1310 3295 1345 3366 1,
1366 3292 1410 3354 28
1429 3310 1499 3372 sqq.

338 3391 436 3471 Epist.
451 3393 482 3465 2,
501 3394 529 3464 1,
546 3391 617 3453 119.
631 3396 662 3468 2,
680 3390 742 3456 148
756 3411 823 3472 sqq.
851 3391 998 3451 Avaritia
1011 3412 1102 3451 sensu
1116 3395 1280 3453 Horatiano
1295 3403 1340 3451 est
1350 3403 1418 3451 turn
1432 3405 1501 3452 sta-

212 3527 216 3532 ·
340 3493 425 3553 dirim
445 3491 579 3550 habendi
598 3496 702 3553 Aurel.
725 3497 802 3555 Vict.
830 3495 916 3553 caes.
938 3495 988 3571 8.,
1010 3516 1096 3553 amor
1114 3493 1248 3553 Mbeadi
1269 3497 1368 3575 Epist.
1389 3497 1427 3572 7,
1445 3495 1499 3558 86.

339 3598 423 3676 Virg.
438 3598 514 3653 Aen.
528 3594 559 3670 8,
574 3595 647 3658 327.
670 3595 755 3656 0vid.
771 3599 844 3657 Met.
862 3600 890 3673 1,
908 3598 995 3672 131.‚
1011 3618 1087 3655 ciera
1096 3596 1229 3655 baben&
1240 3596 1354 3657 Pheed.
1376 3598 1407 3660 8.
1419 3599 1499 3676 prol.

340 3703 404 3775 21,
425 3719 516 3776 opum
519 3699 646 3778 sarraca
659 3701 769 3778 caprae
783 3699 873 3760 ovid.
883 3703 965 3759 rast.
975 3703 1003 3777 1,
1016 3702 1100 3776 211,
1116 3704 1237 3782 argmti
1247 3704 1314 3760 sitis
1326 3704 1500 3779 impertiam

341 3807 414 3864 Hor.
426 3805 524 3882 Epist.
545 3802 602 3877 18,
625 3802 688 3878 23,
710 3806 781 3861 auri
798 3825 958 3884 nunquam
980 3806 1125 3862 exstiricta
1143 3805 1210 3863 etas
1223 3804 1280 3863 Sil.
1304 3805 1340 3879 6,
1363 3803 1437 3866 266.
1459 3805 1500 3862 cf.

340 3903 464 3970 Muuck.
483 3903 522 3963 ad
546 3905 686 3982 Fulgent.
706 3907 742 3980 2,
766 3909 795 3969 1.
821 3928 852 3987 p.
868 3908 939 3982 66.,
967 3905 1210 3987 babcadisames
1222 3909 1326 3965 Pacat.
1338 3909 1372 3963 in
1384 3907 1500 3985 Paneg.

341 4009 407 4083 95,
428 4018 494 4065 tum
509 4007 577 4082 illa,
601 4027 678 4088 quae
694 4012 887 4089 comportatis
906 4011 952 4067 uti
967 4011 1068 4084 timet,
1089 4012 1251 4086 tenaciter,
1275 4013 1340 4068 sire
1356 4027 1450 4087 quae,
1466 4020 1502 4068 ut

342 4113 384 4168 ait
396 4112 510 4170 Seneca
525 4113 558 4168 in
569 4113 658 4168 Herc.
674 4111 734 4170 fur.
758 4114 828 4176 167.
839 4157 847 4187 ,
877 4113 1035 4190 Cbmponit
1047 4133 1117 4190 opes
1126 4115 1215 4191 garis
1227 4111 1351 4169 inhians
1368 4109 1412 4166 Et
1428 4131 1503 4168 con-

339 4224 422 4293 gesto
430 4233 551 4291 pauper
563 4214 597 4270 ia
609 4233 684 4270 auro
697 4225 752 4285 est,
773 4213 873 4294 Epod.
891 4216 927 4289 1,
946 4219 980 4288 1,
998 4213 1051 4276 88.
1095 4215 1160 4274 Sat.
1181 4215 1215 4288 1,
1238 4215 1273 4287 1,
1289 4215 1342 4276 70.
1356 4231 1404 4292 sq.
1419 4215 1450 4287 2,
1469 4213 1502 4287 8,

343 4317 414 4378 110.
436 4317 518 4394 Virg.
532 4319 610 4374 Aen.
627 4318 665 4392 6,
680 4318 754 4380 610.
776 4317 832 4374 Ge.
850 4318 887 4391 2,
903 4317 976 4379 607.
996 4319 1127 4376 Martial.
1145 4318 1199 4389 12,
1219 4313 1271 4390 68,
1287 4314 1318 4377 8.
1341 4316 1388 4372 De
1405 4317 1503 4393 signi-

341 4417 432 4475 ficatu
445 4435 475 4475 v.
491 4419 567 4477 bene
586 4418 718 4498 disputat
734 4417 842 4480 Wolff.
858 4421 891 4476 in
907 4419 1079 4499 Prolegom.
1098 4419 1143 4477 ad
1154 4417 1264 4477 Plauti
1269 4417 1418 4476 Aulular.
1429 4439 1461 4497 Ρ.
1468 4418 1501 4480 8.

342 4521 418 4578 Cum
435 4523 559 4579 avaritia
577 4522 654 4579 bene
665 4523 804 4600 jungitur
818 4524 907 4578 mim
920 4521 1029 4598 cupalo
1037 4564 1051 4593 ‚
1073 4524 1142 4603 qui,
1165 4530 1201 4578 ut
1214 4521 1258 4577 ait
1270 4522 1368 4599 Epist.
1389 4523 1424 4596 1,
1449 4522 1502 4601 18,

342 4625 412 4697 98.,
439 4624 539 4702 agitat
550 4635 696 4703 vexatque
710 4635 741 4682 et
757 4621 903 4684 Prudent.
916 4625 950 4681 in
961 4626 1096 4683 Hamart.
1109 4623 1183 4688 266.
1195 4623 1276 4698 finio
1290 4643 1380 4702 quem
1394 4621 1500 4682 bulbis
