3450 5334
310 479 372 544 166
391 485 670 545 comitamur!
691 487 733 542 IN
753 484 920 544 HORATII
941 483 1389 544 urlsT.sucuuu.1.m.u
1431 486 1476 548 60

309 651 389 728 dius,
410 653 526 735 aliquid
548 665 703 733 pungunt,
726 663 921 728 consumunt,
945 651 1034 711 ducta
1054 653 1184 732 praeivit
1205 656 1365 729 Homems,
1388 655 1474 732 cujus

309 758 425 836 aliquot
443 758 527 818 locos
548 758 672 835 collegit
688 757 863 830 Lambinus,
885 765 920 813 ut
933 755 969 812 ΙΙ.
982 752 1035 828 24,
1058 755 1129 816 129.
1155 751 1223 834 Eric
1240 755 1319 818 ἔδεαι
1333 755 1472 838 κραδίην.

310 859 341 932 6,
360 859 433 922 202.
446 855 506 921 “Or
528 855 627 939 θυμὸν
646 857 788 921 κατέδων.
811 859 883 936 [Cic.
897 859 990 916 Tusc.
1004 857 1035 931 8,
1047 857 1099 930 26,
1114 859 1177 937 63]
1197 857 1286 918 Adde
1301 858 1356 919 0d.
1373 863 1404 932 9,
1419 859 1473 922 75.

312 963 361 1036 10,
381 960 452 1025 143.
495 965 573 1020 Hinc
587 961 715 1042 καρδίαν
730 955 773 1040 μή
790 958 907 1022 ἐσθίειν
921 957 959 1017 de
975 959 1063 1017 rebus
1081 963 1216 1020 animum
1228 965 1307 1022 curis
1323 971 1354 1019 et
1372 980 1474 1019 amore

310 1065 521 1124 cruciantibus.
554 1062 622 1125 Vid.
636 1064 727 1127 orell.
742 1064 849 1142 Opusc.
866 1063 970 1120 Graec.
988 1071 1061 1120 vett.
1076 1066 1099 1122 1.
1114 1085 1144 1144 p.
1161 1067 1203 1128 62
1216 1076 1245 1124 et
1256 1062 1330 1128 476.
1352 1063 1474 1123 Jacobs.

308 1167 424 1224 Delect.
438 1170 543 1248 Epigr.
558 1170 589 1242 7,
608 1167 660 1240 86,
677 1161 707 1226 4.
731 1159 753 1242 ἦ
774 1161 808 1226 δὲ
823 1161 950 1247 περισσή
964 1159 1069 1244 &oudo
1091 1160 1140 1228 cisi
1154 1165 1270 1230 κατίδει
1282 1161 1476 1246 χρυσομανής

309 1269 429 1349 μείίτη,
450 1271 504 1328 ubi
518 1269 650 1327 similem
664 1265 781 1324 Rhium
800 1267 828 1340 1,
844 1269 874 1329 8.
896 1268 998 1326 locum
1012 1266 1099 1326 affert
1111 1267 1301 1330 doctissimus
1314 1271 1474 1346 interpres.

308 1372 395 1432 Paul.
413 1375 508 1452 Epist.
529 1368 570 1428 ad
591 1370 659 1428 Gai.
678 1371 708 1446 6,
734 1371 785 1432 16.
807 1370 835 1432 εί
852 1365 885 1430 δὲ
910 1361 1059 1448 οίίλήίους
1081 1371 1205 1434 δάκνετε
1217 1371 1269 1434 καὶ
1289 1371 1473 1432 κατεσθίετε.

310 1475 454 1553 Apprime
477 1470 638 1552 respondet
662 1469 737 1530 haec
755 1470 847 1530 dictio
871 1473 939 1530 voci
953 1470 1123 1550 totquebere
1142 1493 1172 1531 v.
1187 1474 1240 1535 37.
1262 1469 1471 1552 Porphyrion:

309 1587 366 1646 est,
388 1577 548 1646 consumti,
569 1585 605 1631 ut
628 1572 724 1654 (Virg.
741 1576 816 1632 Aen.
834 1571 865 1648 4,
889 1570 955 1653 66.)
999 1577 1056 1632 Est
1061 1576 1198 1652 flammo
1211 1575 1363 1633 medullas
1374 1596 1387 1647 ,·
1407 1572 1472 1632 vid.

308 1678 352 1735 ibi
365 1677 569 1753 Taubmann.,
595 1679 648 1757 qui
662 1673 744 1734 hunc
763 1676 866 1733 iocmn
880 1689 1105 1753 commemorat,
1128 1689 1158 1736 et
1171 1676 1261 1737 eund.
1276 1677 1314 1736 ad
1332 1682 1381 1754 12,
1398 1677 1473 1740 801.

309 1779 377 1836 Nec
391 1790 420 1836 te
432 1790 535 1837 tantus
547 1780 618 1837 edat
635 1780 762 1836 tacitum
774 1775 868 1834 dolor.
894 1779 981 1835 Auct.
1003 1781 1090 1858 Eieg.
1110 1779 1147 1838 de
1159 1783 1238 1841 Eort.
1253 1783 1377 1840 vicissit.
1399 1781 1474 1843 108.

304 1893 430 1961 pectora
440 1901 554 1939 nweror
566 1881 636 1938 edu.
661 1881 707 1940 cf.
724 1883 842 1939 Erasm.
857 1876 974 1958 Adagg.
989 1883 1016 1954 1,
1034 1883 1063 1941 1.
1076 1902 1104 1960 p.
1123 1884 1185 1958 17,
1206 1884 1309 1941 Heins.
1326 1883 1472 1939 etBunn.

309 1983 350 2042 ad
367 1985 434 2045 Val.
455 1986 553 2042 Flacc.
571 1983 602 2057 3,
625 1983 700 2046 366.
717 1981 790 2044 693.
813 2017 851 2026 -
876 1983 1018 2053 curandi,
1039 1979 1277 2066 θεραπεύεσθαι.
1322 1986 1364 2042 Ut
1386 2003 1472 2044 mor-

309 2087 428 2161 borum,
441 2089 486 2145 ita
499 2084 668 2144 medicinae
678 2085 825 2144 vocabula
840 2086 1061 2147 transferuntur
1072 2088 1110 2146 ad
1124 2090 1276 2164 animum,
1296 2085 1357 2146 vid.
1370 2088 1473 2146 Bentl.

310 2187 349 2248 ad
367 2190 464 2268 Epist.
489 2190 518 2263 1,
544 2189 593 2260 16,
614 2185 677 2262 40.,
699 2185 835 2247 Broukh.
855 2187 895 2248 ad
919 2191 990 2249 Tib.
1012 2191 1042 2265 2,
1060 2190 1091 2265 3,
1113 2193 1174 2267 13,
1196 2192 1324 2269 Koeuig.
1339 2187 1378 2246 ad
1391 2192 1473 2248 Pers.

309 2294 341 2370 3,
359 2293 410 2355 63.
452 2293 529 2363 Quin
543 2291 610 2369 ipsa
626 2288 818 2369 philosophia
829 2291 997 2350 medicinae
1012 2305 1221 2373 comparatum
1238 2291 1300 2356 vid.
1317 2313 1393 2373 quos
1404 2295 1474 2351 lau-

311 2393 381 2452 davi
396 2391 435 2450 ad
450 2395 547 2472 Epist.
572 2395 600 2467 1,
628 2393 681 2454 37.
723 2395 802 2450 Hinc
815 2392 905 2453 Philo
922 2397 1096 2454 Larissaeus
1112 2415 1160 2474 ap.
1179 2395 1263 2454 Stob.
1276 2398 1306 2453 in
1322 2395 1424 2473 Eolog.
1439 2396 1471 2470 2,

310 2497 387 2571 7,1.
408 2491 601 2572 pam-44.
622 2497 728 2552 Hecu:
758 2495 809 2557 καὶ
828 2491 885 2576 γαρ
901 2501 943 2582 τῇ
965 2497 1085 2582 ἰατρικῇ
1105 2494 1222 2576 σπονδὴ
1245 2501 1328 2559 πᾶσα
1349 2496 1417 2579 περί
1436 2493 1473 2560 cd

310 2595 404 2672 τέλος,
427 2599 516 2657 τοῦτο
540 2588 569 2657 δ’
593 2587 634 2675 ἦν
657 2593 765 2676 cipitia,
787 2594 840 2656 καί
859 2601 898 2682 τῇ
919 2601 1086 2686 φιλοσοφία
1098 2597 1167 2681 περί
1187 2596 1244 2680 τὴν
1267 2595 1473 2678 εὐδαιμονίαν.

309 2695 457 2778 Porphyr.
478 2716 528 2776 ap.
551 2697 643 2756 Oreli.
664 2701 687 2754 1.
708 2717 738 2776 p.
761 2697 835 2761 310.
856 2702 968 2758 XXXI.
988 2696 1099 2780 Ἔρωτι
1122 2697 1179 2783 γδρ
1201 2702 1384 2779 φιλοσοφίας
1403 2695 1474 2780 cito·

309 2807 406 2882 θινῆς
419 2805 503 2862 πᾶσα
509 2793 685 2881 ταραχώδης
693 2799 743 2862 καί
756 2799 903 2876 ἐπίπονος
913 2800 1061 2883 ἐπιθυμία
1070 2796 1217 2865 ἐκλύεται.
1244 2799 1340 2876 Ksed,
1353 2801 1474 2865 ἐκείνου

311 2898 485 2983 φιλοσόφον
505 2895 605 2985 λόγος,
626 2895 688 2978 ὑφ’
708 2893 746 2964 οὗ
771 2900 867 2981 μηδὲν
884 2896 989 2976 πάθος
1009 2897 1176 2982 οίνθριιίπου
1196 2896 1394 2986 θεραπεύεται
1414 2913 1473 2962 eto.

309 3011 346 3068 Iu
362 3027 427 3066 rem
442 3008 533 3064 etiam
552 3005 658 3064 Senec.
673 3007 767 3084 Epist.
780 3006 842 3081 68,
865 3024 957 3086 quem
971 3007 1074 3065 iocum
1087 3007 1221 3086 apprime
1232 3005 1337 3065 laudat
1350 3003 1474 3066 Schmi-

310 3109 389 3169 dius.
405 3143 449 3154 -
475 3109 649 3168 Formuiam
671 3109 705 3165 ἱιι
725 3129 842 3166 annum
867 3108 1019 3166 illustrant
1040 3109 1171 3168 Gronov.
1196 3106 1472 3168 etDrak.ad1.ir.

310 3208 340 3287 4,
356 3209 407 3286 64,
422 3212 453 3272 6.

394 3314 430 3372 V.
446 3309 499 3374 40.
522 3310 694 3368 Dimidium
709 3345 748 3354 -
762 3310 851 3369 aude.
897 3313 998 3371 Veteri
1010 3310 1194 3393 laudatoque
1207 3313 1366 3392 proverbio
1379 3316 1474 3372 Potta

309 3417 353 3472 ita
376 3415 479 3483 utitur,
501 3425 536 3471 nt
551 3415 718 3471 maximam
740 3409 925 3474 difficultatis
943 3427 1060 3494 partem
1077 3419 1107 3473 iu
1122 3436 1163 3488 re,
1187 3435 1278 3496 quam
1295 3418 1472 3497 susceperis,

306 3519 371 3597 jam
385 3516 535 3574 sublatam
550 3526 757 3595 remotamque
779 3536 844 3574 esse
856 3513 972 3574 doceat.
1013 3520 1059 3576 De
1077 3528 1197 3576 auctore
1213 3517 1304 3598 hujus
1317 3521 1401 3579 verbi
1416 3541 1473 3578 ve-

309 3631 388 3679 teres
406 3619 465 3697 ipsi
487 3616 675 3676 dissentiunt.
719 3615 908 3676 Jambiichus
931 3617 983 3698 (de
1007 3620 1068 3678 vita
1085 3618 1216 3700 Pytheg.
1230 3643 1256 3684 c.
1270 3625 1322 3684 29.
1344 3643 1373 3701 p.
1394 3619 1471 3684 342.

223 3796 229 3808 .
310 3722 360 3784 ed.
379 3720 502 3802 Kiessl.)
517 3731 547 3779 et
558 3723 710 3779 Lucianns
725 3717 874 3798 (Hermot.
890 3741 917 3778 c.
935 3721 1029 3782 3.1v.
1048 3743 1078 3800 p.
1094 3721 1114 3784 4
1130 3723 1214 3804 Bip.)
1227 3727 1316 3804 primi
1331 3721 1408 3782 illud
1421 3744 1474 3782 re-

309 3827 410 3884 ferunt
434 3823 472 3882 ad
493 3834 608 3882 certum
628 3832 791 3895 auctorem,
813 3819 863 3879 hic
877 3820 916 3880 ad
932 3822 1109 3899 Hesiodum,
1135 3826 1187 3883 iile
1204 3823 1243 3884 ed
1258 3825 1475 3906 Pythagoram.

309 3931 478 3986 Lucianum
500 3937 602 3984 autem
620 3926 745 3985 fortasse
764 3925 874 3984 fefellit
897 3926 1021 3986 Hesiodi
1037 3918 1112 4010 Ἐργ.
1130 3925 1183 3990 40.
1204 3924 1249 4005 (et
1270 3929 1315 3986 ibi
1328 3930 1422 3988 Gb'ttl.
1440 3949 1474 4009 p.

313 4033 397 4112 139.)
424 4030 516 4094 πλέον
535 4026 630 4110 ἥμισυ
658 4025 782 4102 παντδς,
803 4027 886 4109 quod
911 4029 987 4088 bene
1012 4031 1207 4089 observarunt
1229 4031 1299 4089 Alb.
1320 4033 1476 4091 Fabricius

309 4137 355 4213 (in
378 4137 439 4193 vita
458 4134 559 4193 Procli
579 4153 610 4211 p.
636 4130 702 4213 86.)
732 4143 762 4192 et
784 4133 928 4191 Reitzius.
972 4133 1060 4207 Quod
1084 4135 1225 4191 Horatius
1250 4135 1387 4212 attingit,
1411 4144 1474 4193 est:

309 4229 397 4319 Ἀρχή
417 4236 452 4298 δέ
472 4259 519 4298 τοι
538 4231 633 4316 ἥμισυ
655 4229 779 4306 παντός.
822 4237 868 4293 lte
887 4237 974 4293 Plato
1001 4235 1038 4294 de
1059 4237 1154 4314 Legg.
1174 4237 1204 4297 6.
1224 4255 1254 4315 p.
1280 4234 1344 4299 866
1362 4239 1399 4297 E.
1422 4235 1475 4296 ed.

311 4338 411 4397 tutte
435 4334 511 4420 ἆρχή
525 4333 583 4422 γὰρ
609 4334 723 4418 λέγεται
737 4332 793 4415 μὲν
813 4332 908 4416 ἥμισυ
929 4334 1043 4410 παντός
1060 4337 1094 4400 ἒν
1107 4343 1173 4410 ταῖς
1186 4340 1362 4416 παροιμίαις
1375 4339 1476 4422 ἔργον.

310 4443 394 4500 Alios
410 4440 501 4518 hujus
520 4441 671 4519 proverbii
684 4441 767 4498 locos
781 4437 943 4518 diiigenter
963 4441 1149 4518 collegerunt
1169 4439 1413 4500 Hemsterhusius
1433 4442 1476 4500 ad

310 4544 433 4602 Lucian.
451 4543 546 4600 Somn
569 4541 642 4606 3.1.
660 4563 690 4622 p.
705 4541 776 4604 176.
797 4533 877 4623 Bip.,
899 4544 1001 4602 Astius
1023 4540 1062 4600 ad
1083 4544 1161 4602 Plet.
1179 4546 1270 4604 Polit.
1284 4565 1316 4625 p.
1328 4541 1401 4606 426.
1425 4547 1476 4606 cf.
