3450 5334
257 514 321 579 119
384 511 724 607 cumprimum
738 508 1284 584 floaAT11L113.1,EP1sT.sEPT.
1345 508 1407 573 391

258 702 304 763 rel
323 700 441 779 rhedae,
463 702 507 759 cui
521 700 613 778 juncti
629 705 712 757 erant
728 698 857 757 manni.“
887 694 1072 757 Praeiverunt
1087 697 1211 756 Bastar.
1237 698 1408 771 Welaud,

263 803 402 867 Gmbez.
445 803 543 862 Notae
563 800 677 879 quidem
697 806 847 878 poetarum
866 800 1005 859 dictiones
1026 798 1128 857 invehi·
1147 802 1243 880 equis,
1263 803 1306 859 irc
1326 804 1410 881 equa

257 910 297 969 de
317 909 375 985 iis,
406 906 454 984 qui
475 922 558 962 curru
579 901 736 979 vehuntur,
771 904 828 962 vid.
848 901 941 980 Heyn.
963 902 1001 961 ad
1021 901 1100 979 Virg.
1123 901 1179 961 Ge.
1201 904 1240 980 3,
1276 903 1350 968 358.
1379 911 1409 963 et

257 1008 373 1071 Ruunk.
397 1009 435 1066 ad
452 1006 621 1066 Ovid.11er.
639 1007 670 1080 1,
688 1000 740 1067 46.
780 1005 878 1064 Burm.
893 1007 930 1063 ad
945 1004 1031 1065 Ovio.
1047 1002 1082 1063 A.
1098 1002 1135 1062 A.
1153 1008 1182 1080 1,
1199 1000 1272 1070 214.
1317 1004 1408 1083 Origo

258 1109 358 1170 mum
375 1110 528 1169 dictionum
547 1106 584 1165 ab
601 1108 728 1167 Homero
749 1112 841 1166 tracta
859 1127 924 1167 esse
945 1109 1066 1183 videtur,
1087 1110 1134 1185 qui
1152 1106 1267 1167 nisibis
1287 1108 1409 1166 mentio·

257 1232 325 1273 nem
349 1232 409 1270 non
430 1210 500 1269 lacit
525 1212 680 1288 equitandi.
721 1206 786 1269 uu.
804 1210 953 1287 Nitzsch„
983 1208 1018 1267 V.
1042 1208 1106 1287 Ol,
1138 1210 1176 1269 ad
1196 1209 1280 1270 Hom.
1301 1210 1358 1271 od.
1377 1210 1409 1287 5,

258 1316 334 1379 371.
376 1312 416 1373 At
436 1314 500 1391 quis
520 1331 642 1389 uuquam
659 1312 743 1391 eqrub
762 1313 919 1391 impositus
938 1310 1031 1391 (cujus
1049 1312 1180 1371 dictionis
1202 1311 1331 1393 exempla
1351 1313 1408 1371 vid.

259 1437 308 1498 ap.
330 1413 445 1493 Lamb.)
470 1434 524 1495 pro
546 1417 580 1472 in
595 1414 773 1492 plaustrum
793 1416 949 1492 inpositis
974 1412 1065 1475 dixit?
1090 1414 1181 1474 Estne
1203 1414 1273 1473 haec
1296 1412 1410 1472 licentia

257 1518 395 1601 poetica?
414 1518 500 1579 Tolle
518 1516 576 1575 talc
594 1518 835 1596 interpretationis
851 1522 1019 1593 monstrum,
1039 1516 1068 1575 in
1089 1518 1166 1595 qnod
1183 1519 1235 1577 viri
1255 1516 1410 1575 doctissimi

258 1641 400 1701 nunquam
427 1621 611 1697 incidissent,
650 1621 676 1679 si
696 1620 832 1681 Horatius
857 1638 924 1679 usus
946 1623 1025 1678 esset
1046 1619 1188 1697 Singulari
1209 1619 1340 1679 numero!
1379 1615 1411 1673 Si

259 1723 373 1785 dubitas
388 1722 529 1782 Pluralem
549 1722 654 1782 babere
669 1742 723 1801 pro
739 1721 948 1799 significatione
965 1722 1090 1798 generis,
1110 1720 1193 1781 aliam
1213 1741 1275 1780 rem
1292 1702 1432 1777 circum-‘

257 1829 355 1906 spice,
390 1844 463 1903 quae
493 1825 545 1885 tibi
576 1826 712 1904 probabit
740 1826 913 1903 inpositum
940 1824 996 1881 uni
1023 1842 1058 1881 ea
1085 1823 1215 1885 manib.
1261 1820 1410 1900 Philippus
1439 1836 1440 1840 ’

258 1930 344 2005 enin,
365 1946 422 2005 quo
443 1928 498 1986 suit
516 1928 670 1987 nobilitatis
693 1946 819 2006 genere,
839 1928 895 1985 iter
910 1924 1035 1984 iaciebat
1056 1946 1119 1985 cum
1134 1946 1186 1984 suo
1209 1924 1311 1983 comite
1333 1940 1410 1981 com-

256 2028 386 2109 pluribus
413 2048 482 2088 usus
511 2031 601 2108 equis.
642 2027 833 2110 Locupletem
862 2027 946 2104 hujus
975 2029 1016 2087 rei
1046 2032 1151 2087 testem
1178 2027 1242 2085 audi
1273 2028 1412 2086 Senecam

256 2131 365 2211 (Epist.
384 2129 466 2210 87.):
500 2132 546 2190 Μ.
575 2130 649 2190 Cato
679 2132 836 2191 Censorius
855 2130 987 2189 canterio
1011 2128 1175 2187 vehebatur
1192 2138 1220 2187 et
1239 2127 1412 2205 Iuppoperrs

257 2233 381 2316 qualem
404 2234 561 2311 impositis,
583 2244 619 2292 ut
636 2255 737 2293 secam
757 2235 848 2293 utilia
863 2240 1000 2313 portaret
1021 2261 1060 2274 -
1082 2262 1127 2277 —
1145 2262 1188 2275 -
1214 2229 1412 2309 Oquantnm

257 2348 323 2396 erat
342 2336 437 2395 asculi
457 2335 547 2394 decus
554 2378 567 2407 ,
588 2339 796 2415 imperatorem
818 2330 1034 2413 trismplralam
1043 2372 1056 2403 ,
1078 2334 1243 2389 censorium
1252 2373 1264 2403 ,
1286 2342 1314 2389 et
1331 2330 1415 2411 quod

256 2460 348 2519 super
365 2440 467 2496 omnia
490 2438 566 2497 baec
583 2450 639 2510 aot,
661 2440 824 2510 Catonem,
841 2458 902 2497 uno
923 2432 1044 2494 caballo
1063 2452 1122 2491 esse
1142 2444 1313 2493 contentum
1329 2443 1357 2489 st
1375 2452 1413 2491 ne

256 2551 316 2599 tota
333 2541 465 2620 qur'elem.
511 2544 636 2600 Partem
657 2544 737 2602 adm
756 2544 895 2601 sarcinas
918 2536 959 2597 ab
982 2548 1108 2616 unoque
1128 2535 1221 2594 latera
1243 2534 1412 2613 dependan-

257 2654 300 2702 tes
320 2642 519 2721 usurpabant.
560 2643 610 2705 Ita
628 2666 690 2705 non
716 2643 856 2705 omriibua
883 2640 978 2701 abacia
1000 2639 1120 2696 mannis
1149 2646 1177 2695 et
1204 2634 1414 2695 asturconibus

255 2757 286 2803 at
308 2745 469 2803 tollutario
488 2748 659 2827 praeferres
679 2751 804 2808 oneum
829 2746 919 2803 illum
941 2760 1051 2819 equum
1069 2738 1109 2796 ab
1131 2741 1195 2816 ipso
1221 2739 1334 2797 Catone
1360 2736 1413 2796 de-

249 2846 402 2929 frictum?
421 2846 569 2908 Romanos
586 2852 696 2908 mannis
716 2850 774 2908 illis
791 2848 829 2905 ad
849 2842 1032 2924 equitandum
1050 2858 1162 2917 quoque
1180 2860 1249 2899 usos
1272 2860 1355 2917 esse,
1377 2839 1414 2899 de

255 2970 313 3029 qua
328 2968 361 3008 re
376 2948 503 3007 nonnulli
518 2950 692 3029 interpretes
710 2950 851 3023 dubium,
876 2949 990 3024 Praeter
1007 2942 1082 3001 bunc
1104 2940 1196 2999 locum
1217 2946 1339 3003 testatur
1353 2939 1413 3001 Au-

256 3054 354 3113 sonius
376 3071 489 3129 quoque
508 3052 539 3110 in
555 3052 650 3131 Epist
670 3056 710 3131 8,
730 3054 761 3114 7.
810 3046 868 3109 Vel
888 3044 1011 3104 celerem
1032 3062 1179 3103 mannum
1187 3084 1199 3113 ,
1221 3043 1270 3103 vel
1288 3054 1413 3123 ruptam

256 3167 343 3234 terga
368 3152 508 3211 scenam
533 3154 745 3224 Coliacum,
777 3169 904 3230 propere
929 3145 1090 3207 &ammodo
1117 3147 1232 3205 venias.
1278 3146 1411 3224 Denique

254 3260 292 3317 ad
318 3258 393 3316 bunc
416 3253 510 3313 locum
536 3258 592 3317 rite
616 3254 861 3337 interpretandum
889 3252 959 3310 lacit
985 3258 1015 3311 et
1042 3247 1205 3309 observatio
1233 3247 1412 3309 scholiastae

255 3361 346 3437 Cruq.
362 3359 400 3417 ad
419 3356 514 3435 Epod.
534 3355 566 3435 4,
586 3356 650 3436 14.,
665 3360 713 3418 ubi
732 3358 833 3436 „viros
850 3356 994 3435 principes
1010 3355 1066 3414 iter
1083 3353 1121 3412 ad
1137 3370 1206 3411 suos
1227 3369 1314 3429 agros
1329 3370 1412 3412 man-

254 3463 300 3521 nis
319 3459 455 3519 iecissc“
476 3459 556 3520 dicit.
599 3463 785 3544 Quapropter
810 3460 1002 3518 Torrentius:
1038 3455 1132 3534 „Hoc
1154 3473 1267 3532 quoque
1291 3454 1413 3515 Mecum

255 3563 449 3624 commoditati
465 3562 572 3639 datmn,
587 3569 619 3621 ut
635 3563 794 3624 manniculo
807 3562 969 3636 veheretur,
985 3560 1027 3619 uti
1045 3558 1126 3616 dives
1143 3554 1190 3613 ille
1204 3554 1308 3616 Maesa
1324 3558 1413 3617 liber-

254 3673 302 3726 tos
322 3664 418 3744 Epod.
439 3662 510 3725 lv.“
527 3673 557 3724 et
581 3665 615 3723 0.
636 3666 820 3725 Passovius:
853 3663 945 3740 „Aur
961 3680 1026 3721 unm
1042 3658 1174 3738 Klepper
1191 3658 1252 3717 sich
1273 3660 1413 3739 schwingt

254 3767 321 3827 er.“
364 3766 397 3827 lu
415 3786 467 3843 ea,
488 3786 572 3845 quam
585 3770 726 3828 refutasse
744 3767 813 3826 milri
828 3768 944 3842 videor,
964 3763 1107 3823 sententia
1127 3758 1319 3819 Schmidiam
1339 3781 1413 3840 quo-

254 3889 312 3948 que
331 3888 398 3928 esse
417 3888 493 3928 nuuc
513 3871 608 3929 video.
651 3870 681 3930 ls
701 3892 753 3951 per
774 3870 871 3931 literas
892 3887 938 3927 me
959 3868 1107 3945 admouet¹
1120 3862 1352 3923 locorumOvid.
1377 3882 1412 3923 ex

255 3972 341 4032 Pont.
359 3972 398 4047 3,
433 3966 472 4046 4,
505 3971 579 4035 100.
622 3972 737 4038 liubnk
758 3975 796 4034 ad
819 3972 931 4032 Gallim.
952 3970 1055 4046 Hymn.
1077 3968 1106 4025 iu
1129 3966 1227 4027 Cerer.
1248 3965 1301 4028 87.
1323 3967 1412 4025 etad

255 4073 388 4133 Albinus.
407 4071 491 4149 Eleg.
511 4074 582 4138 112.
623 4074 658 4135 Iu
679 4078 799 4135 eandem
815 4075 986 4135 sententiam
1007 4070 1093 4132 vertit
1113 4066 1143 4127 Ι.
1164 4066 1307 4127 Merhel..·
1330 4066 1414 4146 „Aul

255 4172 489 4237 lcicbtrollenden
504 4172 617 4252 wigen
641 4176 804 4255 gesetut‚“
840 4192 1001 4255 quanquam
1021 4192 1051 4252 p.
1069 4170 1146 4230 XXI.
1165 4177 1244 4230 recte
1264 4169 1411 4248 observat,

253 4276 343 4336 verbo
365 4276 520 4352 impositus
538 4275 654 4338 Menam
669 4280 716 4339 vel
738 4279 925 4339 reluctantem
941 4274 986 4335 vel
1002 4274 1117 4333 sinistre
1136 4264 1247 4332 c'urrnm
1266 4272 1325 4353 (tl)
1340 4294 1412 4333 con-

254 4380 440 4439 scendentem
465 4377 629 4454 significari.
684 4380 732 4443 De
766 4382 876 4440 manum
909 4396 1063 4454 eorumque
1096 4394 1148 4433 usu
1178 4375 1234 4433 vid.
1263 4373 1351 4433 Torr.
1381 4380 1411 4434 et

254 4479 370 4541 minen.
389 4480 427 4538 ad
446 4476 593 4558 Epod.4‚
615 4478 666 4545 14.
707 4484 772 4542 Jan.
793 4482 830 4540 a‹l
852 4472 917 4541 Orl'
933 4480 965 4557 3,
987 4481 1040 4556 27,
1060 4478 1090 4539 6.
1133 4475 1252 4536 Reines.
1264 4484 1296 4537 et
1312 4478 1409 4537 Burm.

255 4583 294 4644 ad
313 4580 432 4643 Petron.
448 4578 501 4646 to.
522 4602 553 4664 p.
570 4581 643 4649 219.
685 4584 812 4647 Secbod.
828 4582 850 4644 Ι.
867 4582 886 4643 l.
908 4602 939 4661 p·
959 4584 1011 4649 21.
1032 4580 1073 4644 N·
1092 4579 1123 4645 b·
1164 4579 1254 4643 Beck.
1274 4582 1313 4641 ad
1333 4579 1407 4641 Gall.
