3450 5334
578 1744 1247 1862 coMMENTAnlr

891 1959 934 2013 IN

414 2112 691 2187 uonnrrr
733 2109 1113 2207 anissonios
1150 2112 1417 2189 saxulis

796 2306 935 2393 LIB.
980 2308 1022 2389 1.

804 2595 1016 2607 ..n—u·—

332 2788 451 2881 anlus
473 2820 535 2879 sere
561 2816 650 2877 officii
674 2816 755 2878 locus
777 2828 843 2901 est,
866 2842 951 2901 quern
969 2840 1031 2883 uon
1054 2840 1108 2883 sua
1133 2820 1180 2881 rel
1202 2822 1354 2882 verhorurn
1380 2822 1493 2881 festivi·

332 2930 409 3001 tate,
433 2922 480 2981 rel
502 2921 706 2982 sententiarum
730 2926 872 3003 gravitate
896 2929 1006 2985 ornarit
1027 2924 1175 2989 Horatius.
1216 2926 1250 2985 ln
1277 2925 1332 2985 hac
1359 2923 1492 3004 Epistola

332 3029 425 3088 locum
441 3026 581 3107 quendam
601 3044 620 3083 a
642 3028 758 3087 summis
775 3027 954 3108 philosophis
971 3030 1130 3110 expositum
1146 3030 1187 3089 ite
1197 3028 1300 3108 aperit,
1321 3028 1491 3109 utphiloso·
1558 3006 1567 3019 ⁶

331 3134 417 3213 phum
430 3146 572 3209 agnoscas
588 3132 618 3185 et
630 3134 747 3205 poetam
755 3132 864 3193 rideas.
888 3132 944 3191 Est
953 3133 978 3193 is
988 3131 1070 3193 lours
1083 3132 1120 3193 ds
1133 3152 1250 3191 samnio
1264 3131 1352 3192 hono.
1386 3132 1420 3191 ln
1432 3149 1492 3209 quo

331 3234 482 3295 tractando
493 3238 591 3311 partes
603 3232 664 3308 agit
672 3234 758 3293 modo
767 3234 943 3313 philosophi,
950 3236 1000 3313 qui
1011 3252 1125 3294 omnem
1134 3234 1340 3295 beatitudiuem
1350 3236 1380 3295 in
1390 3227 1491 3297 deeo-

332 3338 442 3421 puorlp
460 3335 543 3395 sitam
558 3335 663 3410 docet,
679 3338 764 3393 modo
783 3336 904 3396 hominis
922 3335 1062 3411 Romani,
1080 3338 1129 3413 qni
1145 3354 1283 3395 summmn
1293 3338 1399 3397 bonnm
1413 3336 1491 3394 ritae

333 3440 488 3501 commodis
507 3444 537 3497 et
552 3436 704 3515 praesidiis
714 3438 840 3498 metitur.
862 3440 928 3509 Qua
937 3438 1133 3517 quidemiure
1143 3436 1163 3497 i.
1173 3458 1199 3497 c.
1209 3439 1240 3498 iu
1248 3440 1434 3519 permixtione
1443 3443 1490 3495 at-

332 3564 388 3623 que
411 3541 609 3619 conjunctione
628 3558 700 3617 quae
714 3541 826 3600 videtur
840 3560 934 3600 rernm
952 3541 1156 3601 contrariarum
1177 3542 1300 3601 cernitur
1313 3541 1420 3600 Poetae
1440 3560 1489 3599 ars

332 3654 418 3724 atque
441 3645 531 3702 virtus
549 3642 703 3701 scribendi.
745 3642 826 3701 Haec
851 3644 893 3700 ita
914 3642 987 3720 fugit
1007 3644 1203 3723 interpretes,
1228 3649 1262 3705 ut
1287 3662 1345 3701 non
1369 3642 1490 3701 multum

331 3750 463 3821 abesset,
488 3750 521 3803 ut
550 3744 664 3823 quidam
685 3750 845 3804 monstrum
876 3746 1015 3805 dicerent.
1056 3746 1146 3806 Nulla
1177 3750 1253 3807 cuim
1281 3746 1403 3824 epistola
1431 3749 1489 3821 est,

329 3854 360 3911 in
381 3870 438 3929 qua
461 3848 642 3927 explicanda,
667 3848 728 3907 sive
749 3848 774 3905 si
796 3866 950 3925 summam,
977 3847 1040 3907 sire
1063 3848 1088 3907 si
1113 3848 1227 3927 singula
1245 3848 1401 3925 respicias,
1435 3847 1489 3906 viri

332 3954 411 4012 docti
432 3952 460 4009 iu
482 3958 540 4009 tam
561 3952 655 4009 varias
677 3956 708 4009 et
728 3969 821 4028 paene
843 3953 1001 4011 contrarius
1015 3956 1114 4028 partes
1135 3968 1220 4028 qnam
1238 3952 1268 4010 in
1284 3951 1338 4009 hac
1354 3950 1488 4009 abierint.

332 4056 392 4114 Sed
411 4054 481 4112 illud
505 4058 583 4113 ante.
619 4052 710 4112 Poeta
724 4054 812 4129 igitur
833 4071 973 4111 summurn
991 4052 1096 4111 bonum
1116 4052 1265 4111 constituit
1285 4074 1321 4113 ex
1335 4072 1387 4129 ea,
1405 4070 1490 4130 quom

330 4160 444 4236 etipse
466 4156 521 4215 sibi
544 4154 676 4213 linxitet
703 4174 788 4232 quam
813 4152 916 4232 vulgus
938 4152 1082 4213 hominm
1108 4154 1220 4234 fingere
1243 4156 1336 4232 solet,
1365 4156 1487 4214 ratione.

329 4261 490 4337 Utrumque
520 4262 616 4317 autern
646 4257 719 4315 mira
750 4262 812 4315 arte
839 4257 995 4334 permiscet
1027 4259 1058 4313 et
1086 4258 1235 4335 conjungit
1266 4258 1422 4333 Horatius,
1457 4259 1490 4313 ut

330 4362 452 4441 simplex
473 4362 618 4421 dumtaxat
631 4358 683 4418 fiat
704 4362 735 4416 et
754 4376 850 4417 nnrrm.
894 4360 960 4429 Quo
981 4359 1089 4417 sactum
1109 4362 1172 4435 est,
1192 4364 1226 4417 nt
1248 4378 1321 4437 quae
1341 4360 1379 4416 ad
1398 4359 1489 4418 ratio·

330 4482 396 4523 uem
414 4464 559 4523 scribendi
578 4462 775 4540 pertinerent,
796 4478 940 4538 personae
960 4461 981 4519 i.
1003 4479 1030 4519 e.
1074 4458 1221 4518 Numicio
1240 4462 1412 4520 tribuerent,
1449 4458 1490 4519 At

330 4562 478 4644 Epistola,
508 4568 542 4621 ut
571 4580 636 4622 mea
660 4563 774 4641 quidem
804 4564 863 4623 lert
892 4560 1010 4643 opinio,
1038 4561 1142 4622 eodem
1164 4562 1251 4622 ruodo
1274 4562 1415 4643 iuscripta
1442 4568 1489 4621 est
