3450 5334
223 539 264 605 53
329 536 614 601 communit
639 539 682 601 lN
701 538 868 604 nondun
887 540 963 604 LlB.
979 545 1002 604 l.
1017 544 1143 607 EPIST.
1157 548 1270 609 SEXT.
1314 545 1381 611 325

221 743 263 757 —
277 710 435 769 dominum
448 710 584 788 saliunt,
605 709 760 770 Plutarcho
781 714 948 791 interprete,
973 711 1009 776 col
1031 712 1233 799 παρορώμενα
1247 716 1299 781 nol
1316 723 1385 781 luv-

220 809 360 876 θάνοντα
374 825 558 890 —prosunt
571 812 716 893 furibus,
731 816 869 893 imprimis
884 818 992 889 servis3
1008 819 1065 877 vid.
1081 820 1176 880 Schm.
1191 822 1228 879 ad
1242 820 1335 899 Epist.
1352 824 1383 897 2,

221 920 253 991 2,
278 916 349 979 184.
393 917 455 973 Cic.
476 918 515 974 de
537 916 620 975 Oret.
637 921 668 993 2,
689 916 742 991 61,
764 912 836 978 248.
883 918 1003 978 Terent.
1019 920 1092 979 Eun.
1109 919 1140 997 4,
1164 924 1196 997 7,
1221 922 1251 981 9.
1288 921 1381 981 Plaut.

220 1015 271 1076 Fr.
293 1016 358 1075 Aul.
380 1018 433 1079 39.
456 1020 502 1075 ed.
526 1018 612 1077 Both.
655 1016 753 1076 Locus
774 1025 885 1095 autem,
908 1040 994 1097 quem
1016 1022 1141 1081 effemmt
1161 1022 1241 1101 Virg.
1263 1022 1325 1081 Ecl.
1349 1024 1381 1098 3,

222 1122 273 1182 16.
323 1118 407 1195 Quid
425 1120 541 1177 donnini
560 1120 698 1197 suenni,
718 1120 833 1177 mutent
851 1142 947 1199 quum
971 1123 1047 1181 talia
1060 1124 1172 1202 fieres!
1196 1125 1295 1183 dubito
1314 1144 1382 1183 num

219 1222 303 1280 aliter
324 1221 509 1300 explicandus
530 1224 577 1281 sit.
620 1224 692 1281 Vide
713 1221 751 1279 ibi
765 1222 965 1301 Forbigerum.
1009 1226 1113 1302 Neque
1133 1227 1217 1284 sacile
1232 1226 1381 1304 dijudices,

219 1330 314 1384 utrum
327 1323 466 1381 dominiis
481 1325 527 1382 hie
546 1326 690 1403 significet
712 1344 912 1401 possessorem
931 1346 969 1385 an
989 1328 1106 1403 herum,
1125 1345 1215 1403 penes
1233 1348 1319 1407 quem
1335 1336 1383 1388 est

218 1426 369 1504 imperium
390 1428 420 1485 in
441 1426 584 1485 familiam.
629 1427 690 1485 Cic.
712 1429 749 1485 de
765 1428 851 1487 Offic.
881 1431 917 1505 1,
940 1429 993 1506 39,
1017 1429 1047 1491 4.
1089 1428 1155 1489 Liv.
1176 1434 1228 1505 22,
1250 1427 1303 1506 42,
1328 1433 1378 1494 11.

217 1526 282 1587 Juv.
304 1528 337 1603 8,
360 1528 432 1591 181.
453 1526 549 1606 ibique
570 1527 670 1588 Heinr.
713 1528 854 1605 Equidem
876 1534 1008 1608 praefero
1029 1532 1108 1591 illud.
1153 1532 1185 1589 ln
1208 1532 1379 1591 sententium

216 1631 347 1709 uppn'me
366 1628 465 1689 laudet
485 1629 657 1688 Lambinus
676 1630 790 1709 Scopae
813 1632 960 1709 Thessali,
983 1632 1105 1691 hominis
1129 1633 1239 1710 copiosi
1259 1634 1376 1709 dictum,

217 1752 286 1809 qno,
309 1750 395 1809 quum
416 1730 453 1788 eb
471 1752 507 1791 eo
527 1733 642 1810 quidam
663 1738 799 1810 posceret
818 1754 893 1811 quae
916 1738 1102 1812 superessent
1123 1753 1254 1811 quaeque
1275 1754 1376 1813 snper-

216 1852 342 1891 rscanea
362 1832 540 1892 riderentur:
563 1828 638 1895 uilici
658 1831 723 1914 μὲν,
745 1836 853 1913 ajebat,
872 1831 990 1908 τούτοις
1011 1830 1101 1914 ἐσμὲν
1122 1830 1211 1914 ἡμεῖς
1235 1836 1377 1915 eriduipo-

215 1956 267 2008 vec
286 1932 339 1995 sul
359 1931 506 2013 μακάριοι
526 1941 590 2009 τοῖς
611 1942 774 2015 περιττοῖς,
798 1931 859 1999 oill'
879 1940 937 2001 οὐκ
958 1935 1087 2010 ἐκείνοις
1105 1942 1170 2010 τοῖς
1190 1932 1375 2019 α’ναγκαὶοις.

214 2037 290 2097 Rem
314 2043 412 2095 narret
440 2035 608 2097 Plutarchus
632 2040 669 2097 de
691 2040 794 2116 Cupid.
815 2039 904 2099 Divit.
928 2040 1001 2098 VIII.
1023 2059 1053 2117 p.
1077 2037 1128 2101 91.
1152 2040 1225 2099 Rsk.
1270 2041 1374 2117 Neque

214 2140 252 2198 ab
266 2140 319 2197 hnc
333 2159 365 2198 re
378 2138 535 2197 abhorrent
554 2140 608 2199 loci
629 2159 648 2197 a
661 2142 807 2200 Schmidio
828 2142 906 2201 ellnti
922 2143 1007 2201 Ovid.
1024 2140 1095 2200 Met.
1113 2142 1165 2217 13,
1185 2139 1260 2206 824.
1303 2143 1374 2201 Hoc

210 2262 306 2321 pecus
324 2262 411 2299 omne
429 2262 530 2299 meum
548 2252 592 2299 est
612 2274 658 2293 --
683 2244 751 2301 Nec
771 2246 800 2302 ei
812 2247 897 2323 sorte
916 2264 1022 2324 roges,
1051 2245 1167 2321 possim
1188 2242 1244 2301 tibi
1263 2243 1374 2317 dicere,

215 2355 289 2425 quot
310 2346 378 2404 sint.
421 2346 572 2423 Pauperis
597 2356 641 2402 est
668 2365 827 2405 numam
845 2368 961 2427 pecus,
997 2354 1028 2405 et
1055 2345 1173 2405 Petrou.
1206 2346 1259 2407 37.
1303 2346 1374 2423 Ipse

213 2450 320 2519 nescit,
341 2447 419 2527 quid
436 2444 557 2523 habeut,
581 2446 657 2505 adeo
678 2448 820 2526 saplutus
839 2462 890 2510 est.
934 2449 1054 2509 Talibus
1077 2448 1220 2509 contraria
1240 2447 1373 2525 leguntur

211 2570 260 2630 ap.
274 2550 366 2609 Plani.
382 2551 412 2608 in
432 2548 528 2608 Aulnl.
549 2544 601 2609 44.
622 2550 669 2608 ed.
691 2553 728 2611 B.
772 2552 860 2611 Nam
876 2552 927 2610 lu'e
946 2553 1034 2630 apztd
1050 2574 1104 2611 nos
1123 2550 1203 2609 nidd
1223 2563 1265 2609 est
1284 2551 1375 2610 aliud

213 2654 330 2732 quaesti
344 2650 481 2730 furibus.
524 2650 576 2710 ln
595 2652 709 2711 inamn
732 2666 805 2713 eunt
829 2656 967 2735 oppletae
988 2654 1103 2736 (uerter)
1127 2665 1218 2735 utque
1241 2657 1370 2715 mansis.

211 2756 258 2814 Ct'.
279 2754 346 2815 Tib.
369 2750 409 2831 4,
435 2756 472 2831 1,
496 2756 566 2817 186.

294 2858 329 2916 V.
352 2854 394 2918 46
411 2890 450 2901 -
467 2852 519 2918 48.
562 2855 648 2934 Ergo
671 2858 709 2915 Si
726 2876 773 2915 res
792 2858 859 2916 sola
879 2890 923 2904 -
942 2861 1069 2918 emitas.
1112 2858 1195 2919 Hauc
1215 2860 1371 2921 clausulam

210 2969 240 3021 et
259 2960 341 3038 quusi
361 2960 504 3036 quandem
527 2958 740 3019 conclusionem
760 2980 820 3019 non
840 2981 875 3019 eo
898 2980 956 3038 quo
975 2979 1002 3019 v.
1025 2960 1079 3022 80.
1100 2960 1152 3022 81.
1176 2961 1262 3019 modo
1282 2962 1370 3019 retio-

209 3084 304 3141 neque
324 3061 396 3123 Hor.
411 3062 580 3137 addidisset,
601 3063 627 3118 si
649 3081 734 3120 uuum
755 3082 896 3122 summum
919 3061 1026 3119 bonum
1044 3079 1072 3119 v.
1096 3062 1171 3123 1-
1187 3061 1238 3124 81.
1261 3082 1369 3139 propo-

208 3186 278 3225 nere
292 3171 323 3224 et
341 3184 415 3241 qnee
429 3170 586 3240 sequuntur
606 3183 659 3241 per
678 3163 799 3221 ironiam
813 3164 956 3239 quandum
976 3164 1134 3221 sententies
1148 3167 1259 3221 tuntum
1280 3164 1371 3241 priori

209 3272 367 3348 aeljnngere
393 3268 540 3326 voluisset.
583 3266 678 3324 Ironie
707 3266 804 3344 potins
832 3266 864 3322 in
884 3284 920 3322 eo
940 3267 1081 3341 cernitur,
1117 3266 1194 3341 quod
1215 3264 1307 3323 Poeta
1327 3267 1369 3323 uti

208 3372 354 3431 abnormis
380 3371 497 3449 sapiens
521 3369 635 3427 <isitius
662 3365 790 3443 eliasque
819 3385 867 3424 res
889 3368 926 3425 nd
946 3368 1040 3445 legem
1061 3368 1139 3427 illem
1167 3368 1269 3425 summi
1299 3366 1367 3425 boui

207 3476 300 3534 refert
320 3474 439 3551 ejusque
460 3474 542 3550 quusi
564 3473 688 3548 quedam
707 3468 831 3528 formula
850 3468 980 3530 includit.
1025 3471 1111 3540 Quod
1130 3472 1160 3527 in
1179 3469 1231 3528 hec
1251 3489 1284 3527 re
1303 3468 1367 3528 lon-

207 3579 270 3655 gior
291 3581 338 3635 est
357 3594 443 3653 qnam
463 3574 494 3633 in
517 3573 652 3651 reliquis,
687 3592 772 3632 nemo
792 3572 942 3633 mirabitur
963 3574 1012 3652 qui
1032 3574 1112 3632 novit
1133 3572 1170 3632 E
1192 3574 1232 3633 A.
1257 3570 1369 3640 Wolfii

206 3685 344 3737 annotate
363 3680 402 3736 ed
422 3676 486 3736 Sat.
509 3676 534 3736 l.
555 3697 585 3754 p.
607 3676 638 3734 9.

291 3780 326 3837 V.
346 3775 389 3840 49
404 3810 444 3821 -
463 3778 514 3841 55.
557 3776 745 3855 Progreditnr
765 3777 802 3834 ud
823 3776 901 3835 alind
921 3796 1061 3835 summum
1085 3776 1209 3851 lronum,
1235 3778 1313 3853 quod
1336 3777 1367 3834 in

206 3880 316 3939 bonore
336 3883 461 3958 positum
481 3885 537 3940 est.
581 3879 650 3941 lude
671 3899 698 3938 r.
720 3877 773 3938 49.
793 3880 905 3957 species
926 3885 957 3937 et
974 3879 1087 3957 gratiss
1130 3878 1181 3939 llle
1202 3880 1277 3937 enim
1294 3876 1323 3935 h.
1345 3877 1364 3937 l.

206 3983 344 4062 splendor
368 3987 399 4040 et
420 3982 631 4060 magnificentia
651 3982 789 4061 imprimis
807 4001 983 4041 summorum
1002 3984 1230 4059 magistratuum,
1251 3985 1283 4038 ut
1303 3980 1364 4038 Cic.

205 4085 237 4143 iu
257 4084 355 4143 Pison.
379 4086 428 4147 11.
474 4086 628 4163 Magnum
648 4104 756 4141 nomen
777 4095 840 4156 est,
861 4104 977 4163 mnemia
997 4087 1108 4162 species
1118 4126 1130 4156 ,
1155 4102 1270 4161 magna
1291 4081 1363 4161 clig-

206 4188 303 4261 untur,
335 4204 451 4263 magna
470 4191 612 4261 majestas
632 4186 772 4245 consulis.
813 4188 856 4247 ld.
876 4189 906 4245 in
926 4186 1019 4265 Epist.
1041 4190 1079 4246 ad
1098 4187 1166 4248 Div.
1189 4190 1224 4263 1,
1247 4183 1282 4261 9,
1308 4181 1361 4247 41.

205 4290 270 4347 Hie
299 4308 382 4346 meae
408 4291 489 4345 uuae
509 4310 617 4347 murus
643 4288 770 4371 offendit
789 4310 838 4347 eos
852 4292 1009 4366 fortusse,
1045 4290 1101 4367 qui
1125 4288 1311 4366 splendorem
1336 4298 1364 4344 et

205 4394 332 4470 speeiem
349 4390 443 4464 liujus
463 4393 544 4449 odae
561 4393 726 4451 intuentur.
769 4394 905 4453 Similiter
924 4393 1042 4450 Sueton.
1062 4394 1092 4449 in
1108 4391 1200 4469 Calig.
1223 4394 1273 4455 22.
1293 4412 1362 4468 spe-

205 4500 281 4553 ciem
295 4496 491 4572 principante
514 4496 548 4551 in
568 4496 656 4573 regni
667 4499 804 4577 sormam
823 4504 989 4553 convertere
1009 4495 1089 4555 dixit.
1133 4496 1206 4554 Tac.
1230 4494 1305 4554 Anu.
1330 4492 1361 4574 4,

203 4600 235 4677 6,
259 4601 288 4663 1.
309 4597 362 4677 (ibi
381 4594 476 4677 Rup.)
521 4594 587 4654 Suo
607 4597 795 4670 eomulibrie,
815 4618 873 4657 sun
890 4596 1079 4676 praetoribus
1091 4600 1212 4677 species.
1258 4602 1360 4663 Senec·
