3450 5334
364 486 429 557 399
470 486 757 551 commum
778 486 824 550 IN
843 486 1012 551 EORATll
1031 484 1109 549 LlB.
1122 486 1144 549 l.
1159 484 1285 550 EPIST.
1299 482 1412 553 SEPT.
1455 484 1518 555 124

363 678 509 756 adhibito,
542 694 602 738 uon
620 677 797 757 exspectavit
816 676 883 736 ‹lum
905 674 1101 754 illucesceret,
1137 674 1191 735 sed
1211 674 1250 737 de
1270 682 1357 737 nocte
1378 676 1519 739 caballum

363 785 422 845 arri
441 781 498 846 it.“

372 932 378 941 .
421 804 485 945 l)V.
505 881 660 947 90-92.
706 878 802 958 Qum
820 880 915 939 aimrd
932 912 976 926 -
996 878 1081 939 milri.
1123 878 1157 938 lu
1183 878 1237 939 hac
1266 878 1388 941 hominis
1418 886 1516 943 condi-

363 993 443 1051 tione
461 984 669 1065 Habaerfeldue
686 985 863 1063 descriptum
882 984 961 1045 videt
974 983 1079 1043 Volteii
1098 984 1220 1042 animum
1240 982 1338 1042 alienis
1358 982 1444 1043 rebus
1467 1006 1517 1043 cu-

362 1094 462 1171 risque
479 1090 649 1164 districtum,
670 1088 798 1166 quadem
815 1088 961 1147 amritiam
977 1086 1234 1166 parsimoniamque
1257 1085 1432 1147 Sehmidius
1450 1088 1516 1149 coll.

363 1192 511 1273 Aristoplr.
534 1191 614 1252 Nub.
628 1188 692 1257 829
705 1210 771 1270 sqq.
793 1195 824 1250 et
843 1188 969 1249 Casaub.
989 1190 1027 1248 ad
1049 1188 1197 1265 Theophr.
1218 1188 1305 1249 Char.
1329 1192 1378 1254 10.
1400 1212 1430 1270 p.
1444 1189 1516 1256 134.

363 1296 420 1375 F.,
453 1315 519 1357 mea
537 1296 652 1373 quidem
672 1292 813 1351 sententis
833 1289 925 1351 Poeta
944 1292 973 1350 id
995 1292 1071 1368 egit,
1108 1298 1189 1351 utet
1220 1294 1365 1369 quomodo
1389 1292 1518 1353 Vulteius

249 1417 253 1424 ’
364 1418 402 1457 er
419 1396 515 1457 nitido
534 1398 664 1454 nestsear
689 1394 784 1453 sactus
813 1399 894 1452 esset
924 1394 967 1451 rei
992 1394 1171 1471 quaerendae
1198 1394 1281 1455 unice
1308 1396 1451 1473 intentus,
1488 1404 1520 1457 et

364 1520 451 1581 qnam
472 1500 598 1579 graviter
616 1497 731 1558 tulisset
753 1497 858 1555 damna
881 1493 1032 1572 aliquoties
1052 1498 1131 1557 sacta
1149 1504 1216 1557 ante
1238 1496 1337 1555 oculos
1365 1499 1447 1575 qnasi
1463 1517 1519 1576 po·

363 1610 457 1665 neret
498 1602 612 1663 Etenim
642 1598 783 1659 scabrum
815 1601 1025 1677 intonsumque
1051 1618 1118 1659 esse
1143 1618 1203 1660 uon
1227 1601 1313 1659 modo
1338 1600 1517 1677 rusticitatis,

364 1707 568 1767 verumetiam
589 1702 665 1760 ritae
691 1700 827 1761 tristioris
855 1706 888 1760 et
912 1701 1005 1761 luctus
1033 1710 1230 1780 argumentum
1255 1706 1334 1779 erat,
1370 1705 1450 1781 enjus
1476 1705 1521 1761 rei

364 1807 494 1888 exempla
511 1807 576 1865 vide
594 1822 642 1882 ap.
662 1801 766 1863 Lamb.
787 1805 826 1863 ael
845 1804 907 1865 Sat.
930 1807 969 1881 2,
998 1804 1036 1881 3,
1057 1803 1110 1868 35.
1152 1804 1273 1863 Sueten.
1294 1804 1353 1864 Jul.
1374 1806 1426 1869 67.
1448 1805 1517 1882 iniq.

364 1912 489 1988 mterpp.
511 1906 636 1967 Orellius
663 1912 809 1987 comparat
831 1905 951 1967 Luoian.
973 1907 1050 1973 Tim.
1070 1911 1102 1970 7.
1129 1901 1262 1989 πιναρὸς-
1283 1901 1352 1981 'silue
1378 1905 1432 1969 sul
1461 1905 1519 1971 orl-

363 2015 450 2095 2poiv
470 2008 524 2074 sul
542 2008 762 2089 ὖποδίφθερος.
806 2009 893 2070 conf.
913 2009 1075 2069 Markland.
1094 2011 1132 2069 ad
1152 2010 1227 2068 Stat.
1248 2008 1317 2067 Silv.
1340 2010 1422 2087 5,1,
1444 2008 1519 2075 219.

363 2118 488 2195 interpp.
509 2114 548 2171 ad
565 2112 631 2171 Juv.
658 2111 716 2189 15,
741 2111 815 2173 135.
857 2111 928 2171 Inde
955 2112 1052 2191 lapsus
1073 2111 1119 2171 hie
1138 2120 1184 2172 est
1206 2109 1400 2187 Grumum,
1434 2130 1520 2187 quum

363 2215 463 2281 aeuhr.
484 2221 612 2275 teneret
632 2234 690 2292 „so
709 2211 883 2291 bespritzt,“
904 2216 985 2292 quasi
999 2214 1126 2275 Vulteius
1145 2216 1175 2273 in
1189 2215 1291 2275 itinere
1311 2214 1390 2273 iacto
1403 2215 1520 2272 sorde·

363 2318 523 2397 collegerit.
545 2350 588 2362 -
608 2314 644 2375 V.
665 2314 717 2379 91.
759 2316 869 2373 Draus
891 2317 927 2375 de
948 2337 983 2376 eo
1005 2316 1051 2375 hie
1074 2317 1187 2393 dieitur,
1209 2317 1259 2395 qui
1278 2314 1370 2375 labori
1391 2315 1522 2394 indulget

363 2442 418 2483 nec
439 2421 589 2499 quiequam
609 2416 784 2476 remissionis
811 2415 865 2475 sibi
885 2420 1037 2497 permittit3
1071 2418 1140 2479 alias
1163 2426 1209 2478 est
1229 2417 1338 2478 laboris
1354 2421 1468 2498 patiens
1489 2426 1520 2479 et

362 2522 536 2584 adlabores
558 2516 735 2577 obfirmatus.
776 2518 872 2595 Epist.
896 2523 952 2598 16,
985 2522 1037 2585 70.
1063 2524 1127 2580 sina
1144 2532 1254 2600 pascat
1277 2522 1372 2581 dumo
1390 2533 1520 2602 aretque.

363 2622 590 2702 Pherapnae,
611 2619 664 2698 30,
684 2618 716 2683 4.
758 2619 956 2679 Rustiuorum
969 2623 1168 2701 praediorum
1188 2625 1411 2685 admoneam
1424 2626 1522 2703 poscit

363 2728 476 2787 durum
491 2723 625 2802 αὶίᾳιιοηι
645 2730 674 2776 et
692 2730 863 2799 agrestem,
891 2724 943 2780 oni
962 2744 1016 2783 nse
1037 2724 1124 2783 labor
1140 2724 1193 2783 ille
1214 2730 1341 2805 gravis,
1371 2748 1427 2785 me
1446 2747 1521 2785 eura

363 2827 507 2901 cordula,
541 2846 595 2885 nec
615 2824 709 2881 sistis
729 2821 859 2881 wlimdo
880 2824 1029 2889 videatur.
1070 2826 1117 2887 De
1143 2827 1258 2887 homine
1279 2830 1452 2909 voluptatem
1473 2849 1519 2889 se·

363 2932 509 2993 verissime
535 2929 735 2987 contemnente
762 2925 826 2985 cie.
851 2927 904 2986 Or.
931 2930 960 2987 in
983 2928 1017 2987 P.
1040 2929 1123 2988 Clod.
1154 2935 1184 2989 et
1210 2930 1281 2990 Cur.
1304 2930 1345 3008 4,
1384 2936 1413 2995 1.
1436 2930 1518 3013 (ibiq.

363 3033 474 3112 Beier.)
515 3032 657 3089 Primum
676 3026 765 3086 bomo
786 3027 882 3087 dunas
898 3050 937 3087 ae
955 3032 1078 3108 pressus
1099 3032 1233 3090 irweetm
1254 3042 1298 3090 est
1319 3034 1354 3091 in
1376 3054 1444 3106 aas,
1465 3036 1522 3113 qus'

363 3154 463 3195 nume
490 3130 600 3209 Apuli
627 3129 714 3206 apud
739 3129 841 3205 Bajas
869 3142 973 3197 meent.
1016 3134 1102 3193 Cous.
1127 3140 1226 3194 annot.
1251 3133 1290 3193 ad
1319 3138 1354 3211 1,
1393 3137 1431 3212 1,
1465 3137 1519 3202 32.

362 3235 483 3313 Forbig.
504 3235 543 3293 ad
563 3233 645 3311 Virg.
667 3232 742 3293 Aen.
764 3236 816 3311 12,
837 3236 911 3298 873.
935 3266 972 3280 -
996 3245 1141 3307 attentus,
1161 3237 1203 3295 rei
1223 3236 1353 3295 familiari
1372 3240 1519 3315 augendae

364 3339 477 3399 deditis
501 3341 531 3396 et
551 3337 618 3395 iude
637 3336 723 3415 paulo
740 3338 878 3397 tenacior.
909 3338 954 3397 lta
970 3338 1064 3418 Epist.
1086 3341 1169 3415 2,1,
1191 3339 1263 3402 171.
1281 3341 1382 3417 patris
1399 3342 1517 3398 menti.

363 3440 427 3499 Cic.
448 3439 543 3518 Epist.
564 3439 604 3497 ad
623 3437 690 3498 Diu.
711 3437 744 3517 9,
766 3440 818 3516 16,
842 3436 893 3503 19.
915 3452 1010 3519 quum
1030 3460 1092 3497 rem
1113 3437 1259 3511 habebas,
1279 3440 1472 3519 quaesticulus
1492 3454 1520 3500 tc

355 3538 516 3622 faciebam
542 3543 736 3603 attentiorem.
779 3541 843 3600 Alia
862 3562 910 3621 ap.
932 3543 1036 3601 Heind.
1058 3542 1096 3599 ad
1115 3541 1178 3599 Sat.
1202 3544 1233 3619 2,
1255 3542 1287 3619 6,
1308 3544 1360 3609 82.
1403 3544 1518 3617 Runnk,

363 3646 403 3704 ad
419 3642 541 3701 Terent.
562 3641 616 3703 Ad.
636 3645 668 3722 5,
688 3645 721 3721 8,
740 3643 793 3708 48.
834 3642 937 3703 niatu.
958 3647 995 3705 ad
1018 3645 1079 3703 Cic.
1102 3662 1147 3720 pr.
1169 3642 1258 3702 Rosc.
1279 3642 1378 3703 Amet.
1399 3646 1450 3723 15,
1466 3642 1518 3708 44.

364 3745 461 3822 Atque
481 3743 555 3803 haud
576 3748 636 3805 acio
660 3764 698 3805 an
718 3746 870 3804 Daeerius
890 3748 998 3806 acutius
1022 3766 1108 3825 qnam
1127 3747 1221 3805 verius
1243 3748 1386 3805 contraria
1403 3747 1451 3806 illa
1470 3768 1520 3808 ex-

363 3846 529 3933 plimrerit:
564 3848 704 3926 „Durus
723 3848 844 3925 regards
870 3846 899 3906 le
917 3848 1018 3907 travail
1036 3856 1067 3911 et
1087 3848 1115 3908 la
1135 3850 1261 3925 fatique,
1299 3854 1330 3907 et
1349 3850 1461 3929 repond
1482 3868 1519 3909 au

364 3960 427 4013 mot
444 3948 586 4010 scabrum
602 3951 642 4009 du
662 3968 729 4008 vers
749 3950 921 4028 precedeut3
957 3958 987 4013 et
1006 3962 1137 4012 amatus
1154 3951 1277 4031 regarde
1300 3948 1328 4010 le
1349 3954 1472 4030 me'nage
1490 3954 1522 4009 et

365 4054 515 4135 l'e'pargne
533 4059 564 4112 et
583 4053 694 4130 repoud
714 4054 733 4113 a
751 4053 939 4117 rotomumf‘

448 4155 488 4217 V.
506 4154 547 4220 92
557 4152 657 4219 -95,
698 4154 762 4213 Pol
779 4174 826 4212 nro
845 4186 891 4201 -
905 4156 1014 4234 priori.
1058 4155 1102 4218 Ex
1125 4156 1268 4217 sententia
1285 4154 1465 4216 kalaffl
1491 4156 1520 4214 in

365 4258 519 4337 Explicatt.
539 4256 675 4316 Veterum
690 4258 799 4335 aliquot
818 4264 875 4316 etc.
907 4279 938 4339 p.
957 4256 1032 4321 304.
1061 4262 1107 4319 ed.
1129 4258 1213 4339 Lips.
1233 4259 1279 4319 hie
1299 4258 1380 4318 locus
1402 4276 1523 4337 expres·

365 4381 416 4419 aus
436 4368 482 4421 est
502 4379 537 4419 ex
556 4358 1000 4437 Eurip.lphig.inTaur.199.
1025 4366 1074 4441 Ιφ.
1095 4360 1154 4423 Σοὶ
1175 4356 1301 4441 δ’ὅνομα
1320 4366 1412 4423 ποῖον
1434 4350 1522 4422 taeu'

365 4458 384 4525 ὁ
402 4456 553 4542 γεννήσας
573 4458 689 4542 cariffi
719 4463 773 4521 Cui
789 4466 963 4542 respondet:
999 4460 1038 4528 ut
1058 4460 1113 4545 μὲν
1135 4465 1269 4539 δίκαιον,
1293 4464 1448 4543 δυστυχεῖς
1468 4484 1522 4523 uo·

367 4556 485 4644 toipet'
506 4558 557 4627 ἄν.
601 4566 754 4625 Porsomcs
772 4568 810 4625 ad
828 4566 906 4627 illum
925 4568 1018 4628 locum
1036 4562 1401 4642 consummasse,
1423 4564 1455 4643 4,
1471 4556 1522 4623 94.
