3450 5334
652 532 946 608 naumurum}
1316 558 1383 605 xm

225 740 275 807 his
289 741 404 833 nugis,
426 760 505 831 quas
521 720 644 812 vocant
656 742 782 835 quidam
796 743 916 813 obesae
935 740 1023 810 naris
1039 738 1241 832 homunculi,
1262 741 1382 811 immo-

225 897 298 969 rer,
325 876 470 947 ordinem
493 876 657 971 indicabo,
691 902 753 971 quo
781 880 834 949 hie
863 879 937 950 eod.
967 900 1029 947 ms.
1060 884 1145 947 teste
1173 876 1381 948 Brouhhusio

224 1014 405 1085 exhibuerit
418 1020 569 1108 poemata
583 1015 777 1087 Horatiana.
828 1017 945 1088 Libros
965 1022 1053 1107 quat.
1076 1015 1251 1084 carminum
1265 1016 1383 1106 exeipit

222 1151 266 1221 A.
281 1149 341 1243 R,
360 1152 445 1220 hanc
457 1153 693 1243 subsequuntur
704 1153 825 1247 Epodi,
842 1152 957 1225 (larm-
973 1150 1033 1245 S„
1054 1152 1277 1245 Epistularum
1288 1152 1381 1243 liber,

224 1286 305 1381 (sed
318 1291 500 1382 scripturae
515 1290 732 1383 discrepantia
752 1298 876 1361 tantum
894 1291 1034 1383 pertinet
1047 1287 1090 1356 ad
1104 1288 1148 1381 8,
1174 1288 1211 1355 6.
1232 1289 1285 1357 ubi
1299 1288 1383 1357 haee

224 1432 378 1497 annotate
401 1428 575 1519 leguntur:
605 1435 716 1519 „post
737 1429 822 1498 huno
844 1449 976 1498 versum
997 1426 1117 1495 multae
1138 1424 1258 1495 codicis
1279 1425 1382 1495 nostri

224 1565 365 1656 paginae
385 1566 569 1655 perierunt3
599 1584 680 1655 quae
702 1572 826 1636 restant
845 1568 999 1657 incipiunt
1021 1562 1149 1632 demum
1171 1584 1311 1632 eversu
1333 1560 1383 1627 20

223 1700 278 1768 lib.
296 1698 331 1768 2.
354 1699 464 1793 Epist.
484 1696 551 1767 2.“
601 1699 770 1790 Bentlejus
786 1724 911 1793 quoque
927 1700 1015 1769 adu.
1036 1700 1095 1769 12.
1112 1699 1250 1792 indicat,
1270 1697 1383 1767 Grae-

224 1840 354 1907 vianum
376 1859 397 1906 a
417 1861 451 1907 v.
472 1838 508 1907 7.
528 1836 625 1927 hujus
640 1840 812 1931 Epistulae
831 1834 1005 1931 delicere.)
1026 1838 1252 1929 Epistularum
1272 1836 1328 1904 lib.
1346 1834 1381 1902 2.

224 1973 339 2065 incipit
353 1972 548 2045 Sermonum
561 1976 644 2043 liber
660 1976 708 2068 i,
730 1975 789 2045 sed
803 1977 935 2045 vanans
953 1978 1112 2067 scriptume
1125 1974 1243 2043 desinit
1258 1974 1291 2039 in
1307 1968 1382 2043 Sat.

225 2110 314 2205 1‚2‚
338 2111 444 2205 113,
468 2112 510 2180 ad
535 2133 629 2204 quem
651 2133 782 2183 uersum
802 2114 886 2183 haec
909 2114 1085 2205 legunturu
1112 2113 1178 2205 „in
1200 2110 1264 2178 hoc
1284 2128 1382 2176 uersu

224 2247 344 2317 desinit
362 2256 473 2319 noster
493 2249 597 2320 codex
620 2252 743 2319 avulsis
765 2252 897 2343 reliquis
918 2250 1112 2319 membranis
1134 2255 1167 2317 et
1187 2238 1383 2336 dispersis.“

224 2384 382 2457 Ceterum
401 2388 434 2454 in
453 2386 516 2458 hoc
536 2388 647 2459 codice
668 2390 801 2481 singula
821 2387 893 2457 tere
913 2389 1057 2457 carmina
1076 2386 1197 2454 habent
1215 2382 1382 2472 inscripti-

224 2544 323 2617 ones,
347 2526 485 2615 itemque
500 2525 674 2625 Epistulae
689 2534 827 2620 excepta
840 2528 964 2619 prima,
989 2524 1032 2593 ad
1054 2544 1148 2615 quam
1163 2520 1288 2614 quidem
1303 2517 1384 2585 nihil

225 2668 413 2732 annotatum
430 2668 493 2731 est.
518 2662 615 2755 Apud
628 2661 813 2752 Bentlejum
826 2663 1033 2733 Graecianus
1050 2681 1183 2731 numero
1195 2657 1223 2727 1.
1240 2661 1383 2727 notatur.

304 2796 428 2884 Quodsi
449 2800 500 2867 his
523 2800 693 2893 praesidiis
715 2802 911 2894 instructus,
947 2800 1058 2892 quibus
1083 2804 1160 2867 ante
1187 2817 1248 2864 uos
1274 2794 1383 2863 nullus

224 2934 447 3027 Epistularum
464 2935 570 3007 editor
585 2943 636 3007 est
644 2962 735 3031 usus,
750 2938 856 3008 denuo
870 2940 903 3005 in
916 2937 1084 3028 pulverem
1099 2934 1190 3024 quasi
1199 2938 1231 3001 et
1243 2931 1384 3000 solema

226 3073 334 3142 multis
343 3079 478 3163 rogetus
493 3077 650 3169 processi,
664 3076 697 3144 id
713 3076 814 3145 debeo
831 3074 1021 3143 humanitati
1034 3092 1147 3142 eorum
1159 3072 1314 3159 virorum,
1331 3067 1383 3156 qui

226 3212 284 3279 illa
304 3212 389 3280 bona
409 3210 499 3280 nobis
518 3212 663 3281 inuidere
686 3214 870 3283 noluerunt.
909 3210 1073 3280 Maximus
1098 3209 1201 3301 igitur
1223 3206 1276 3274 his
1303 3205 1383 3274 viris

226 3348 463 3416 humanissimis
484 3368 593 3419 eoram
614 3350 758 3419 omnibus
773 3372 839 3443 ugo
854 3350 1000 3442 gratias,
1023 3352 1227 3436 majoresque
1244 3341 1382 3411 habebo.
1453 3389 1456 3397 ,

227 3484 320 3571 Quae
331 3484 407 3554 inde
421 3486 543 3555 utilitas
559 3486 698 3556 Horatio
711 3507 732 3553 a
746 3489 937 3578 corruptelis
952 3485 1123 3579 purgando
1137 3484 1240 3553 allatu
1253 3482 1309 3572 sit,
1327 3478 1382 3546 alii

221 3621 385 3714 judicent,
409 3623 460 3712 qui
479 3623 578 3714 probe
599 3626 725 3715 sciunt,
746 3644 840 3713 quem
860 3645 946 3693 vana
966 3630 1001 3693 et
1021 3640 1124 3716 prope
1142 3641 1258 3689 manca
1275 3620 1330 3708 rit,
1354 3617 1382 3683 si

227 3760 312 3829 tales
332 3779 387 3829 res
413 3759 468 3827 vel
493 3760 705 3853 negligantur
724 3760 780 3828 uel
798 3765 1062 3851 contemnantur,
1090 3760 1194 3827 omnis
1216 3759 1288 3848 ipsa
1305 3774 1383 3823 cer-

225 3896 322 3965 nendi
335 3896 564 3988 judicandique
583 3900 634 3967 uis
650 3904 746 3988 atque
768 3895 920 3968 iacultes.
971 3895 1023 3965 lle
1041 3895 1114 3964 aliis
1136 3895 1274 3963 aliorum
1288 3889 1383 3961 codi-

227 4034 314 4103 cibus
336 4055 416 4101 mrs.
435 4032 488 4103 hio
507 4034 615 4103 dicere
635 4057 700 4105 non
720 4037 847 4105 attinet.
900 4030 1044 4105 Suorum
1067 4034 1198 4123 quisque
1218 4035 1272 4098 est
1289 4029 1383 4097 testis

228 4178 321 4261 atque
334 4172 504 4261 interpres.
524 4168 679 4243 Ueterum
693 4174 726 4241 in
740 4175 779 4241 iis'
793 4169 1011 4265 significandis
1028 4168 1155 4261 eodem,
1170 4189 1231 4258 quo
1240 4163 1383 4234 rursu-

227 4327 339 4376 neras
357 4309 391 4375 in
409 4304 547 4377 Satiris
568 4332 602 4402 p.
619 4307 801 4403 xc-o,
828 4312 881 4379 usi
900 4328 1011 4376 sumus
1042 4326 1187 4376 numero.
1238 4302 1291 4375 Ne
1313 4304 1383 4395 qrris

228 4452 335 4515 autem
363 4447 588 4540 negligentiae
611 4467 663 4516 me
694 4448 837 4538 incuset,
876 4446 1017 4535 ingenue
1045 4441 1174 4536 iuteor,
1206 4461 1259 4509 me
1294 4438 1383 4513 γαν.

233 4582 392 4653 Lectica.
407 4604 454 4651 ex
474 4583 563 4656 cod.
579 4580 728 4654 mmabr.
744 4581 806 4675 (C.
821 4580 868 4655 A.
882 4580 919 4649 3.
933 4578 1119 4674 Monac),
1134 4600 1216 4675 quae
1228 4578 1384 4671 teguntur
