3450 5334
302 472 366 539 214
400 474 687 537 connENTlnn
707 477 751 541 IN
768 475 941 539 nouum
953 476 1029 539 LlB.
1045 478 1069 541 l.
1096 477 1224 540 EPIST.
1242 480 1364 543 Tnnr.
1424 482 1466 548 tl

304 664 349 721 usi
370 665 408 724 ud
431 664 616 725 imitationem
635 665 689 725 fori
712 666 836 725 meteriis
860 665 1058 746 praeluxerunt
1079 666 1171 727 onmis
1203 666 1292 743 reris3
1316 671 1394 747 quod
1412 670 1465 729 Ju-

304 765 397 825 veneli
419 768 451 843 7,
475 766 546 827 173.
570 772 629 825 est:
657 764 717 823 Ad
730 787 872 846 pugnam
894 769 950 847 qui
968 767 1115 826 rhetorica
1127 769 1332 829 desoenrlitab
1346 770 1464 835 umbra.

304 867 370 933 vid.
386 868 424 927 ad
439 866 533 945 Epist.
548 869 583 945 1,
597 870 632 944 2,
649 869 680 930 2·
712 866 768 926 Alii
789 876 902 947 autem,
920 875 955 928 ut
970 870 1192 949 Haberfeldus,
1226 871 1276 951 (ef.
1297 872 1461 931 Wdirert.

306 971 342 1029 de
365 967 564 1029 Cass.l’ar1n.
587 990 616 1047 p.
631 968 709 1049 312)
728 970 806 1050 ipsas
825 990 936 1030 reorum
962 991 1076 1051 muso,
1100 990 1171 1047 ques
1189 974 1291 1031 Florus
1311 980 1346 1031 ut
1364 985 1465 1029 orator

306 1090 526 1149 causarumque
548 1081 699 1147 patronus
722 1074 829 1151 egerit,
854 1074 972 1132 indicari
995 1074 1114 1133 malunt.
1151 1072 1219 1132 Non
1246 1074 1319 1133 rnnle
1340 1076 1465 1151 quidem,

306 1174 454 1251 qnoniam,
484 1172 562 1249 quod
590 1190 655 1231 vere
683 1173 779 1233 docuit
802 1174 999 1233 Eichetadius
1023 1176 1053 1233 in
1077 1176 1196 1240 Par-od.
1215 1175 1320 1234 Horat.
1350 1175 1385 1239 Ρ.
1413 1176 1463 1236 lll.

305 1296 336 1355 p.
362 1276 382 1336 9
411 1296 487 1354 sqq„
526 1274 628 1347 quiin
656 1276 718 1335 foro
746 1276 890 1356 agebunt,
919 1278 1022 1354 iidem,
1047 1276 1096 1335 ubi
1117 1278 1318 1355 opportunitas
1336 1280 1463 1354 deretur,

306 1378 390 1436 etiem
416 1378 452 1436 de
473 1377 537 1453 jure
559 1378 779 1455 respondebant.
829 1378 924 1438 Totus
950 1386 1045 1438 temen
1071 1379 1277 1438 sententiarum
1298 1381 1386 1457 ordo,
1411 1380 1464 1437 im-

306 1478 403 1558 primis
421 1476 553 1535 acuendi
572 1477 704 1557 verbum,
723 1480 811 1557 illud,
833 1499 891 1540 non
913 1481 968 1540 hoe
985 1479 1065 1539 iubet
1086 1480 1214 1558 intelligi.
1254 1481 1370 1539 Florum
1388 1480 1464 1537 enirn

297 1580 561 1657 jurisprudentiae
579 1599 692 1657 qnoque
712 1582 824 1641 dedisse
847 1602 981 1663 operum,
1003 1584 1148 1644 declarent
1167 1580 1254 1640 verbe
1273 1583 1371 1639 cirion
1384 1585 1464 1654 juro

306 1681 458 1758 Respond.
477 1702 585 1760 poros.
628 1681 673 1742 De
693 1685 811 1763 singulis
832 1690 866 1744 nt
889 1687 977 1745 civia.
997 1688 1056 1749 iur.
1080 1686 1139 1745 vid.
1162 1684 1266 1742 Heind.
1293 1684 1331 1741 ad
1351 1683 1411 1741 sat.
1434 1685 1465 1761 1,

306 1782 343 1859 9,
367 1782 435 1861 39.,
458 1784 495 1842 de
514 1784 600 1843 verbo
619 1786 757 1861 respond.
798 1787 925 1847 Schmid.
951 1788 989 1847 ed
1011 1788 1040 1851 h.
1054 1787 1095 1864 l.,
1116 1787 1222 1847 Heind.
1241 1792 1273 1843 et
1291 1784 1408 1842 Kirnlrn.
1426 1787 1465 1843 nd

306 1882 420 1961 Saul,
444 1885 481 1962 1,
507 1887 536 1947 9.
571 1886 621 1947 10.
655 1888 811 1951 Eichetad.
832 1888 886 1947 tl
908 1910 939 1969 p,
953 1891 992 1951 11
1006 1908 1052 1965 sq.
1073 1923 1117 1933 -
1137 1886 1270 1945 amabile
1283 1907 1404 1943 cornute
1420 1888 1465 1943 in·

307 1992 499 2063 terpretnntur
521 1987 624 2045 Sohol.
650 1990 757 2069 (stup,
783 1991 969 2062 Asoerrsius,
998 1990 1194 2049 Camubonus
1216 1988 1268 2068 (de
1291 1989 1353 2047 Sar.
1374 1986 1461 2047 Rom.

306 2084 390 2146 Ρῠθῦ·
408 2110 437 2169 p.
452 2089 515 2153 230
529 2091 575 2149 ed.
592 2088 726 2169 Ratun),
750 2092 946 2152 Welandius
962 2092 1199 2172 ,‚ametorium“‚
1217 2110 1236 2148 a
1249 2109 1307 2167 qno
1324 2109 1382 2151 non
1393 2088 1465 2148 mul·

306 2195 368 2249 turn
388 2188 543 2250 abhorrent
566 2192 739 2253 Schmidr'uo
767 2194 977 2274 orosiusque,
995 2196 1056 2256 hio:
1086 2188 1216 2277 innuisti
1237 2199 1311 2270 puto
1339 2197 1370 2251 et
1393 2211 1465 2271 onu-

306 2286 432 2368 ποτικοί,
461 2290 636 2353 Hoodeder:
666 2296 772 2372 „naiv,
793 2297 861 2373 des,
886 2316 944 2356 wes
972 2298 1037 2356 dem
1065 2295 1239 2355 notiirliohen
1263 2294 1385 2353 Getirhle
1415 2313 1466 2352 nu-

307 2392 412 2470 sagt“,
433 2392 552 2453 laudans
575 2396 634 2459 Od.
650 2396 686 2472 3,
706 2392 742 2473 4,
764 2396 812 2475 6.,
836 2398 911 2457 idern
933 2400 992 2457 sere
1011 2398 1100 2456 Voss:
1126 2398 1201 2476 „ein
1215 2396 1362 2475 geffilligee
1376 2392 1465 2453 Lied-

307 2494 407 2573 lein“,
433 2498 510 2572 quod
542 2498 679 2575 approbo.
723 2497 756 2555 ln
785 2499 839 2557 lroc
860 2500 925 2577 ipso
953 2499 1091 2578 Epitheto
1117 2497 1324 2576 Haberseldur
1349 2502 1465 2575 poetam

307 2597 386 2655 videt
412 2598 599 2678 descriptum,
632 2600 680 2676 qui
706 2600 791 2659 animi
819 2618 905 2659 eausa
929 2602 959 2659 in
984 2603 1152 2677 amicorum,
1180 2618 1238 2657 non
1265 2600 1295 2655 in
1322 2598 1466 2677 publicum

308 2718 391 2757 usum
417 2700 519 2761 festivo
537 2702 695 2761 condiderit
722 2703 853 2764 carmina.
896 2702 977 2762 Idem
993 2704 1051 2762 fere
1074 2700 1262 2760 Weioirertus
1284 2698 1463 2775 (Poet.Let.

308 2799 401 2877 Reliq·
416 2822 447 2881 p-
464 2804 559 2885 367),
582 2806 650 2883 „itu
673 2810 704 2863 ut
723 2806 847 2883 nesciat,
870 2825 908 2864 an
927 2825 985 2867 non
1004 2810 1152 2886 poetarum
1164 2820 1279 2861 numero
1295 2820 1412 2879 prorsus
1425 2801 1465 2859 sit

308 2904 502 2967 eximendus.“
516 2938 558 2951 -—
579 2906 613 2967 V.
632 2906 682 2971 25.
704 2909 812 2966 Prima
826 2942 870 2953 —
879 2910 1029 2987 praemia.
1059 2906 1221 2964 Sententia:
1242 2902 1306 2981 „ln
1320 2903 1466 2961 hisomni·

309 3004 362 3063 bus
390 3024 463 3082 quus
489 3009 546 3067 dixi
583 3009 667 3068 rebus
695 3015 728 3068 tu
752 3010 832 3070 facile
850 3010 905 3068 eris
924 3008 1084 3089 prinoeps.“
1124 3006 1227 3083 Neque
1249 3006 1338 3083 igitur
1360 3005 1467 3062 incom-

307 3108 392 3167 mode
412 3110 582 3169 Torrentius
599 3111 691 3171 locum
710 3112 784 3171 hune
803 3112 841 3171 ad
861 3112 1071 3171 oommissiones
1087 3110 1246 3169 Rhetornm
1266 3116 1298 3167 et
1316 3106 1466 3167 Poetarum

308 3209 414 3269 retulit.
457 3212 508 3270 Cf.
530 3212 620 3272 Orell.
636 3212 725 3277 Inscr.
746 3214 784 3277 N.
807 3214 898 3276 1183.
941 3211 996 3271 Per
1016 3231 1136 3290 zeugma
1151 3216 1246 3270 eutem
1266 3211 1318 3287 (de
1335 3227 1393 3285 quo
1408 3209 1467 3270 vid.

309 3313 402 3371 scum.
423 3315 460 3373 nd
481 3312 573 3393 Epist.
596 3316 633 3392 2,
652 3316 688 3393 1,
710 3315 784 3395 152)
802 3320 832 3374 et
852 3315 1030 3392 eloquentiae
1049 3314 1177 3373 studioso
1193 3318 1223 3371 et
1238 3311 1401 3389 jurisperito
1416 3311 1467 3369 tri·

308 3414 435 3473 buuntur
447 3418 589 3493 praemia
605 3416 739 3478 hederae.
784 3418 849 3477 Hoc
865 3418 890 3475 si
909 3418 1048 3475 vidissent
1059 3417 1208 3475 Ducarius
1224 3423 1255 3473 et
1274 3412 1467 3487 δαηαιίοηιιε,

310 3536 369 3575 non
394 3523 498 3577 temere
518 3520 721 3579 sententiarum
749 3520 876 3579 ordinem
895 3520 1093 3579 distraxissent
1111 3520 1216 3597 majore
1239 3523 1307 3596 post
1325 3535 1351 3572 r.
1368 3532 1466 3589 paros

310 3620 405 3699 posita
420 3619 608 3682 distinetione.
643 3619 689 3679 De
705 3638 810 3681 corone
821 3621 977 3681 hedereoen
990 3628 1137 3701 poetarum
1146 3620 1262 3700 propris
1275 3617 1332 3676 rid.
1350 3613 1464 3681 tlitsclr,

309 3721 347 3778 ed
371 3720 430 3779 0d·
453 3724 546 3799 1,1,
572 3722 624 3787 29.
645 3724 769 3803 interpp.
795 3723 832 3781 ud
858 3722 938 3800 Vng.
963 3722 1022 3780 Ed.
1043 3725 1075 3799 7,
1094 3724 1145 3785 25.
1167 3729 1197 3781 et
1217 3723 1265 3780 Fr.
1288 3716 1403 3777 Jacobs.
1427 3716 1466 3773 ed

310 3820 421 3882 Deleot.
436 3823 534 3904 Epigr.
549 3825 586 3901 1,
605 3824 682 3901 101,
695 3822 726 3887 4.
742 3858 785 3869 -
800 3824 899 3883 heder.
915 3827 1000 3889 viotr.
1016 3832 1049 3883 nt
1061 3825 1142 3903 Vrrg.
1165 3823 1224 3883 Eel.
1244 3824 1264 3884 8
1270 3863 1282 3896 ‚
1297 3818 1347 3881 13.
1363 3818 1467 3875 viotri·

311 3944 358 3982 ees
371 3924 486 3987 hunis.
522 3925 656 3983 Ceterum
668 3925 817 3985 Genitivus
834 3926 1023 4006 appositionis
1041 3934 1087 3987 est
1108 3932 1140 3985 nt
1163 3944 1189 3982 r.
1202 3924 1269 3999 27.‚
1291 3923 1311 3984 i.
1331 3940 1357 3984 e.
1374 3940 1470 4000 prae-

312 4029 391 4104 mia,
420 4004 492 4105 quiae
510 4032 578 4085 sunt
597 4026 666 4088 lred.
693 4028 798 4097 visor„
834 4030 914 4104 quod
933 4028 1075 4087 verissime
1093 4026 1254 4085 observavit
1271 4023 1410 4081 Baohireo
1431 4024 1469 4082 ud

312 4130 398 4193 Ovid.
410 4128 480 4189 Mer.
499 4130 536 4205 8,
557 4129 631 4192 827.
655 4132 756 4205 majus
774 4149 850 4205 opus
868 4133 975 4208 nnagmi
995 4131 1176 4188 certamims.
1206 4126 1255 4185 Sie
1267 4126 1351 4185 Caes.
1367 4126 1394 4184 b.
1412 4125 1466 4183 civ.

311 4232 349 4307 3,
371 4231 423 4293 83.
444 4233 587 4309 praemia
599 4233 757 4309 pecuniae.
790 4218 880 4292 Ouid.
898 4232 968 4293 Met.
989 4234 1024 4301 2,
1049 4232 1123 4295 836.
1138 4230 1224 4307 (ibiq.
1239 4227 1326 4287 Beelr.
1347 4247 1378 4305 p.
1395 4227 1470 4304 112)

313 4352 511 4391 neocororum
529 4333 637 4411 jussus
657 4338 777 4395 amoris.
810 4332 852 4393 ld.
872 4334 909 4411 6,
928 4334 977 4397 81.
1004 4332 1135 4391 Prodere
1153 4364 1197 4379 --
1212 4332 1313 4410 fetum
1334 4327 1470 4386 oanmtis

312 4432 418 4492 olivae.
454 4436 533 4513 Virg.
557 4436 610 4503 Ge.
637 4439 676 4516 3,
696 4435 768 4501 423.
795 4446 998 4514 extremaeque
1015 4435 1141 4514 agmina
1165 4431 1290 4494 carulas
1329 4427 1374 4488 Id.
1397 4424 1469 4485 nen

315 4536 370 4610 12,
395 4532 467 4595 546.
505 4540 567 4597 Hie
589 4539 645 4597 tihi
674 4541 778 4596 mortis
801 4548 889 4595 erant
909 4548 1020 4613 metue,
1053 4535 1092 4593 ibi
1111 4535 1193 4596 Serv.
1218 4539 1248 4592 et
1267 4531 1364 4607 Heyn.
1406 4526 1471 4593 Cic·
