3450 5334
512 1400 1088 1498 COMMENTARII

718 1635 724 1653 ¹
781 1635 818 1683 nt

217 1796 513 1874 nonsart
559 1797 963 1875 urts'tohtrt
1007 1799 1381 1875 subortum

663 2011 840 2092 ulls.
892 2013 933 2092 1.

699 2231 909 2244 ψ..

213 2369 318 2467 Haec
346 2407 485 2487 Epistola
512 2408 621 2469 iccirco
648 2405 689 2468 ad
711 2412 848 2476 Lollium
875 2409 945 2498 data
975 2428 1041 2469 esse
1064 2405 1198 2485 videbar,
1220 2412 1270 2470 vel
1298 2409 1381 2494 quod

211 2507 359 2568 Horatius
388 2511 523 2598 hollium
550 2513 649 2576 bonae
676 2515 801 2598 quidem
829 2511 895 2593 spei
915 2513 1074 2592 juvenem,
1096 2530 1203 2574 verum
1227 2515 1319 2574 etiam
1341 2514 1381 2576 ad

211 2613 288 2670 vitia
301 2611 471 2692 proclivem
490 2629 631 2695 noverat,
654 2620 719 2696 vel,
741 2613 826 2700 quod
846 2617 1056 2678 verisimilius
1073 2629 1134 2696 est,
1154 2627 1261 2698 rogatu
1275 2621 1379 2698 patris,

213 2733 349 2795 quomam
366 2717 479 2793 Poeta,
501 2729 536 2778 ut
548 2719 658 2782 exod.
670 2719 703 2798 4,
720 2723 752 2784 9.
777 2730 917 2799 apparet,
938 2721 1127 2780 familiariter
1148 2723 1243 2795 vixit,
1266 2724 1380 2802 quique

213 2815 327 2878 dilecto
348 2819 454 2896 juveni
476 2824 636 2882 Horatium
652 2825 836 2884 monitorem
861 2821 902 2880 ad
923 2842 1028 2882 veram
1045 2823 1125 2880 vitae
1153 2826 1301 2882 rationem
1322 2823 1380 2883 ad-

212 2922 389 2986 hortantem
416 2926 516 2984 noluit
540 2923 657 2985 deesse.
704 2928 784 2998 Quas
816 2920 943 3005 quidem
979 2925 1131 2982 monentis
1165 2925 1255 2982 amici
1279 2936 1380 3004 partes

211 3029 359 3088 Horatius
379 3029 424 3087 ita
444 3030 593 3108 suscepit,
615 3039 649 3087 ut
674 3030 842 3108 praeceptis
858 3025 1064 3085 saluberrimis
1081 3026 1221 3104 jungeret
1236 3027 1380 3086 subtilem

212 3141 408 3191 venustatem
436 3141 467 3189 et
505 3132 717 3191 urbanitatem.
776 3133 964 3210 Quapropter
994 3148 1057 3188 non
1087 3138 1152 3204 est,
1190 3126 1273 3210 quod
1300 3125 1380 3188 banc

211 3233 385 3314 Epistulam
401 3233 456 3292 ills
469 3232 609 3319 εἰρωνείᾳ
621 3235 774 3295 Socratica
794 3232 903 3290 leviter
919 3240 1040 3292 tantum
1060 3231 1186 3290 tinctam
1201 3240 1293 3312 atquc
1316 3235 1379 3290 im-
1460 3291 1463 3296 ,

210 3337 320 3396 butam
336 3339 492 3401 miremur.
533 3339 773 3416 Argumentum,
794 3354 856 3416 quo
870 3335 957 3413 quasi
970 3335 1053 3390 viam
1067 3330 1107 3390 ad
1123 3331 1173 3408 id,
1196 3333 1279 3415 quod
1295 3355 1380 3394 asse-

211 3441 269 3520 qui
284 3437 439 3514 studebat,
461 3439 520 3498 sibi
539 3442 647 3499 sternit
657 3442 772 3514 Pohe,
795 3447 841 3496 est
855 3436 953 3495 bouus
968 3435 1136 3511 Homerus,
1157 3455 1199 3495 ex
1216 3455 1277 3517 quc
1299 3441 1379 3497 vitae

210 3551 374 3622 praecepta
396 3541 518 3620 plonius
540 3553 570 3600 et
589 3543 700 3605 melius
721 3539 836 3598 hauriri
858 3557 947 3618 posse
974 3535 1063 3612 dicit,
1085 3557 1177 3619 quam
1198 3559 1238 3598 ex
1267 3559 1378 3618 magno

211 3663 340 3704 numero
356 3644 504 3704 librorum
520 3643 659 3705 sStoicis
678 3652 708 3701 et
722 3641 912 3700 Academicis
926 3643 1174 3721 conscriptorum.
1220 3641 1378 3722 Exempli·
1454 3642 1456 3646 ’

211 3765 255 3805 ex
269 3746 366 3806 lliade
390 3758 421 3806 et
435 3745 588 3828 Odyssea,
612 3765 687 3827 quas
704 3746 791 3827 quasi
814 3743 875 3805 duo
892 3763 1003 3824 magua
1026 3747 1105 3804 vitae
1128 3741 1288 3804 hominum
1307 3765 1379 3824 spe-

212 3851 281 3909 cula
304 3847 448 3926 exhibet,
470 3847 637 3929 desumptis
660 3850 816 3929 subjungit
833 3851 907 3910 Hor.
933 3857 1092 3928 praecepta
1112 3845 1153 3906 ad
1173 3845 1310 3906 studium
1328 3866 1378 3906 ss-

210 3953 344 4033 pientisa
364 3963 483 4012 mature
509 3949 755 4031 amplectendum
780 3951 916 4014 maxims
937 3946 1062 4022 idonea,
1086 3965 1163 4027 quae
1188 3949 1332 4024 juvenem
1361 3969 1379 4008 a

210 4052 346 4131 desidia,
367 4058 511 4132 avaritia,
532 4052 667 4131 invidia,
689 4052 862 4129 iracundia,
885 4053 1014 4132 aliisque
1028 4052 1123 4109 animi
1142 4051 1378 4130 perturbationi-

209 4158 268 4217 bus
286 4155 470 4238 prohibeant
490 4169 581 4239 atque
603 4157 739 4218 animum
759 4158 824 4236 ejus
848 4153 957 4216 studiis
979 4173 1080 4212 rerum
1102 4151 1298 4213 honestarum
1316 4157 1378 4214 im·

207 4261 315 4320 boant.
361 4261 477 4334 Quodsi
490 4265 524 4320 iu
539 4258 588 4319 his
601 4259 805 4340 proponendis
819 4261 986 4317 Homerum
999 4258 1087 4337 quasi
1101 4257 1139 4316 ob
1162 4257 1265 4316 oculos
1281 4261 1377 4336 pouit,

211 4383 252 4422 ex
275 4364 362 4442 cnjus
379 4367 528 4444 po'ematis
548 4361 624 4422 haec
643 4373 749 4444 suapte
767 4373 876 4420 natura
895 4359 983 4440 sequi
999 4357 1153 4432 videntur,
1176 4359 1377 4422 urbanitatem

209 4483 273 4524 non
291 4469 360 4526 sine
378 4477 443 4526 arte
457 4465 625 4526 adhibitam
642 4466 771 4547 quilibet
790 4462 906 4526 videbit
923 4463 1026 4520 lector.
1070 4461 1104 4520 Si
1128 4463 1197 4541 quis
1219 4464 1297 4523 forts
1312 4468 1378 4526 llo·

210 4585 329 4628 metm
346 4579 489 4629 nontam
507 4568 684 4629 adsensum
707 4564 827 4650 pulchri
836 4611 845 4642 ‚
869 4583 961 4648 quam
974 4565 1048 4622 recti
1064 4561 1244 4647 honestique
1259 4581 1297 4637 ab
1312 4583 1376 4638 ΗΟ.
