3450 5334
187 495 231 564 43
276 494 565 557 communem
580 495 624 554 IN
639 494 952 558 nonnullum.
971 495 1138 558 SEGUND.
1160 498 1237 556 LIB.
1252 500 1277 560 1.
1298 491 1361 558 149

187 666 313 726 lomim
327 666 526 745 oppresserit,
546 663 699 724 &belhem
710 665 880 746 confecerit.
912 664 1021 745 Itaque
1035 666 1189 724 Homerus
1202 685 1264 724 non
1276 665 1361 736 Aja-

186 788 279 841 cem,
299 787 356 828 neo
376 765 535 827 Achillem
540 808 555 839 ‚
575 766 630 826 ud
654 766 790 846 Ubeeem
811 765 982 846 appellavit
1001 767 1220 850 matisconen.
1233 801 1277 812 —-
1285 787 1362 846 pro·

187 870 293 931 vidue.
339 872 406 930 lieo
427 889 502 930 voce
520 871 616 930 Pollu
639 887 702 929 nou
719 878 786 930 tun
806 880 842 928 ut
863 870 980 930 leniore
1000 871 1095 930 utitur
1120 891 1176 951 pro
1201 890 1268 930 voc.
1293 890 1362 928 ver-

187 984 301 1045 sutus,
321 990 383 1054 que
404 967 597 1054 πολύτροπος
616 972 749 1052 intelligi
768 973 877 1032 volunt
900 973 955 1052 (cf.
977 972 1057 1032 Gell.
1085 974 1137 1048 18,
1159 973 1229 1048 19),
1258 991 1361 1053 quom,

188 1076 318 1155 opinor,
338 1093 380 1136 ex
398 1076 498 1155 operis
516 1075 605 1154 lege,
626 1092 688 1154 quo
709 1071 761 1134 bio
779 1075 881 1134 Ulixis
901 1093 1001 1155 neque
1019 1077 1130 1134 entutie
1149 1093 1249 1156 neque
1265 1077 1362 1134 vafri-

187 1176 269 1254 ties,
291 1175 348 1237 red
369 1177 597 1259 circumspectio
618 1185 710 1256 atque
731 1174 892 1256 prudentio
909 1173 1063 1236 laudande
1085 1177 1153 1236 fuit.
1203 1179 1363 1236 Eximium

190 1280 260 1357 ejus
271 1281 393 1340 virtutis
407 1281 586 1362 exemplum
597 1275 692 1339 hebes
706 1297 754 1338 vv·
762 1279 912 1344 23-26.
953 1281 1000 1338 Ite
1013 1279 1121 1340 Ulixes
1134 1277 1220 1339 ondit
1232 1299 1282 1360 ap.
1298 1280 1361 1340 Clo.

192 1377 231 1440 tle
247 1383 350 1461 laegg.
369 1384 402 1456 2,
424 1384 454 1458 1,
477 1384 510 1447 3.
530 1382 768 1460 οαρὼπέὶοοὶνπιιο
789 1383 838 1440 νίν
857 1376 1053 1464 (πολύμητις)
1082 1391 1173 1462 etque
1199 1402 1249 1464 up.
1275 1380 1362 1448 oud.

192 1479 281 1564 (liet.
295 1481 433 1560 14,159.
451 1485 526 1565 ibiq.
540 1481 651 1564 Beclu)
665 1485 817 1562 expertem
839 1485 952 1544 wien.
998 1482 1112 1558 Quodsi
1124 1482 1289 1544 Chobotius
1306 1504 1363 1546 vo-

192 1585 313 1644 cubulis
336 1585 502 1646 multorum
520 1585 669 1664 providus
692 1586 741 1664 (ut
765 1603 815 1665 up.
836 1585 901 1648 cte.
925 1585 963 1646 de
979 1589 1082 1652 Dicin.
1096 1591 1128 1664 2,
1144 1587 1197 1651 57.
1212 1587 1362 1668 memsu-

192 1698 338 1748 ttsranm
345 1687 508 1768 promite),
530 1685 695 1770 Epitheton
707 1682 898 1770 πολύτροπος
910 1709 1089 1770 expressum
1101 1699 1197 1771 putet,
1215 1691 1248 1750 in
1263 1711 1362 1752 errore

193 1801 252 1855 est.
294 1791 420 1850 Etenim
432 1789 809 1850 multorum-bominum
821 1790 934 1850 dicitur
943 1802 978 1852 ut
990 1794 1087 1871 Epist.
1099 1795 1131 1868 2,
1145 1794 1176 1870 2,
1189 1791 1261 1858 144.
1276 1813 1364 1854 verae

194 1913 394 1974 numerosque
410 1893 571 1974 modosque
591 1893 719 1952 educere
734 1895 825 1950 vilae.
850 1894 915 1954 Set.
931 1899 964 1972 2,
985 1892 1014 1972 4,
1038 1896 1092 1960 95.
1110 1897 1190 1955 vitos
1199 1908 1364 1975 praecepta

195 1994 312 2056 lutae.
329 1993 420 2076 Epod
433 1997 485 2072 16,
502 1992 621 2074 45.17,
636 1999 689 2061 16.
710 1993 798 2056 Ouid.
819 1997 893 2057 Met.
908 1995 940 2072 9,
960 1998 1012 2061 10.
1055 1997 1285 2078 Multonsmque
1293 1998 1365 2077 suit

192 2119 264 2178 spes
281 2099 430 2158 t'rm'droeu
450 2119 624 2179 procorum.
652 2098 699 2157 cf.
715 2098 748 2175 8,
767 2095 842 2160 774.
866 2098 919 2162 75.
961 2099 1108 2160 Genitivis
1131 2101 1214 2158 enim
1235 2101 1273 2160 ob
1288 2102 1363 2180 ipsis

191 2201 319 2262 solutes
334 2201 474 2262 cretionis
492 2201 687 2281 scriptoribue
704 2219 791 2260 cesus
812 2219 938 2279 regens,
960 2221 1052 2283 saepe
1066 2205 1157 2262 etiem
1172 2223 1243 2262 cum
1258 2203 1363 2280 verbo,

191 2303 407 2384 interponitur.
446 2306 602 2386 Exemplo
623 2302 819 2384 suppeditent
842 2304 990 2364 Goereuz.
1010 2303 1049 2364 ed
1067 2305 1132 2365 Cio.
1156 2302 1194 2364 de
1217 2307 1314 2386 Legg.
1330 2307 1363 2382 2,

192 2406 248 2482 27,
269 2405 325 2470 68.
351 2407 452 2468 Beier.
469 2406 511 2467 ed
531 2409 595 2472 Cic.
616 2406 655 2467 de
676 2406 763 2471 0ffic.
785 2407 818 2484 2,
837 2405 869 2482 7,
888 2405 942 2470 28.
963 2409 1033 2470 Otto
1050 2406 1092 2467 ed
1111 2408 1176 2470 cat
1193 2409 1265 2488 maj.
1282 2408 1313 2486 3,
1331 2410 1364 2471 7.

194 2507 277 2572 cort
299 2518 332 2568 et
349 2511 444 2570 Kritz.
461 2509 502 2570 ud
518 2512 643 2573 Sellust.
656 2510 721 2570 Get.
734 2507 786 2586 51,
801 2509 856 2574 88.
900 2510 1073 2572 Multorum
1086 2509 1137 2570 hic
1156 2513 1365 2593 praepositum

192 2605 290 2672 hehe·
307 2611 475 2674 obsonum
495 2615 599 2696 reique
612 2615 809 2694 gravitatem,
830 2611 915 2695 quod
927 2614 1005 2674 bene
1020 2614 1159 2676 observet
1177 2613 1363 2678 Sohmidius.

192 2716 275 2780 ilinc
289 2716 406 2796 optime
425 2713 530 2777 schol.
551 2715 583 2777 d.
602 2737 651 2797 ep.
672 2713 827 2780 lloobed.:
856 2717 1004 2790 domitor,
1032 2737 1102 2778 ecce
1120 2720 1234 2794 virtus,
1256 2720 1363 2794 vitem,

193 2814 247 2878 bic
255 2819 416 2901 sepientis.
429 2851 473 2864 -
494 2820 532 2882 V.
547 2821 602 2884 20.
622 2821 667 2880 Et
680 2839 777 2878 neom
788 2817 821 2882 h.
839 2821 979 2898 inspexit.
1001 2818 1109 2900 Odyse.
1129 2820 1159 2896 1,
1176 2820 1209 2883 8.
1233 2823 1364 2906 Πολλοῖν

195 2915 224 2984 ὅ
241 2914 422 3003 evoptium
442 2921 507 2986 tte
525 2917 633 2999 ἄστεα,
653 2915 794 2986 solvice
810 2919 897 3004 ἔγνω.
938 2923 1075 2980 Muretus
1095 2921 1180 3002 (Ver.
1199 2923 1297 2981 Lectt.
1313 2924 1364 2998 17,

194 3023 244 3104 8.)
269 3022 320 3084 bis
341 3024 441 3084 verbis
461 3023 599 3086 studium
620 3023 747 3086 videndi
769 3035 801 3083 et
821 3023 1025 3102 cognoscendi
1050 3025 1136 3083 Ulixi
1157 3022 1280 3097 tribuit,
1309 3020 1365 3080 sed

193 3128 325 3188 meliore
346 3125 437 3187 docet
450 3125 585 3188 Nitzsch.
607 3125 748 3188 adhunc
767 3127 881 3187 locum.
924 3125 1058 3184 Verbum
1072 3133 1174 3183 nutem
1186 3123 1367 3202 inspiciendi

194 3226 269 3290 tel.
288 3240 454 3308 usurpetur
465 3241 501 3292 ut
516 3229 600 3311 opud
615 3231 740 3289 Terent.
760 3224 907 3309 (Adelph.
919 3227 951 3304 3,
964 3227 996 3305 3,
1010 3227 1083 3308 60):
1106 3227 1249 3307 Denique
1267 3228 1365 3306 inrepl-

196 3353 263 3393 oere
281 3343 431 3414 tanqum
451 3335 486 3392 in
507 3331 664 3410 speculum
682 3334 717 3396 ἰπ
734 3334 814 3392 velas
833 3332 969 3390 omnium
980 3329 1088 3407 jubeo.
1133 3331 1181 3392 ct.
1200 3333 1306 3392 Arutz.
1325 3327 1365 3390 ud

196 3436 265 3496 Cet.
277 3434 409 3496 Distiob.
424 3435 455 3512 1,
467 3434 500 3500 5.
513 3455 546 3515 p·
559 3437 614 3500 22
656 3439 693 3494 ln
704 3455 769 3495 rem
780 3436 821 3496 A.
835 3437 871 3494 Ρ.
889 3431 966 3498 142:
978 3466 1022 3478 -
1032 3443 1139 3512 captae
1147 3444 1220 3514 poet
1232 3445 1366 3511 tempora

201 3540 313 3616 Μαι
339 3540 402 3618 Qus'
423 3558 519 3598 morer
540 3538 698 3598 hominum
717 3537 883 3596 multonem
904 3537 1023 3596 viduet
1042 3535 1140 3600 zuber.
1153 3569 1197 3582 -
1210 3536 1366 3616 lanamque

191 3661 384 3722 perueqnor.
400 3645 490 3702 Hom.
501 3640 590 3702 llied.
604 3644 710 3719 2159
723 3638 806 3721 (sim.
814 3641 844 3716 9,
851 3637 909 3720 72)
925 3633 978 3704 tu’
995 3629 1086 3722 εὐρέα
1098 3643 1182 3704 voro
1196 3638 1365 3720 θαλάσσης.

196 3745 270 3806 Tib.
291 3741 325 3822 4,
349 3747 380 3821 1,
400 3743 453 3809 52.
482 3745 543 3806 Ille
562 3763 619 3823 per
637 3746 758 3825 ι’,ςποίαο
774 3744 880 3804 audax
894 3743 1037 3802 oraveris
1054 3741 1141 3800 arbee
1148 3785 1162 3816 ,
1188 3743 1257 3820 Qua
1271 3743 1366 3800 morie

196 3849 335 3908 murus
348 3847 440 3906 oller
452 3845 624 3906 includitur
637 3847 738 3906 mdis.
783 3848 829 3906 De
841 3846 991 3906 erroribus
1006 3847 1106 3906 Ulixis
1120 3845 1183 3906 vid.
1199 3843 1298 3924 Epod.
1314 3845 1365 3917 16,

194 3949 267 4027 60,
286 3951 391 4009 Bentl.
405 3948 446 4009 od
459 3947 517 4010 0d.
536 3953 567 4023 1,
583 3950 613 4025 6,
627 3950 678 4024 7.,
699 3948 787 4009 0vid.
805 3970 845 4009 ex
860 3952 951 4008 Pout.
966 3947 997 4024 4,
1023 3950 1075 4026 10,
1090 3951 1121 4013 8.
1139 3951 1212 4008 Met.
1232 3942 1283 4021 14,
1301 3943 1364 4008 223

195 4071 266 4134 sqq.
281 4063 312 4112 et
323 4072 401 4134 quos
414 4050 653 4112 leudnutBurm.
666 4049 805 4134 edProp.
818 4053 849 4128 8,
872 4053 923 4128 10,
936 4051 1000 4128 25,
1014 4049 1125 4112 Met-kl.
1140 4049 1271 4110 adstet.
1289 4047 1364 4107 silv.

197 4152 229 4230 4,
248 4157 281 4232 2,
302 4153 334 4219 4.
361 4155 484 4216 ouon.
504 4154 545 4215 ed
565 4155 637 4219 Tib.
661 4175 694 4235 p.
712 4153 785 4222 404.
836 4156 958 4216 Similia
977 4157 1043 4215 nusi
1062 4165 1134 4214 stunt
1156 4151 1309 4212 soluatur.
1332 4151 1365 4208 in

196 4255 330 4318 Seebod.
352 4267 384 4317 et
395 4255 491 4320 lehn.
512 4262 551 4320 N.
567 4255 692 4317 Archiv.
715 4257 811 4321 1833.
828 4262 868 4318 ll.
889 4260 921 4320 2.
933 4278 965 4337 p.
980 4257 1052 4322 165.
1066 4267 1123 4315 etc.
1146 4255 1236 4328 „Dte
1255 4255 1367 4312 Reum

197 4359 250 4418 des
275 4359 457 4439 Οιίγοοιιιοκ
479 4371 511 4422 el
532 4359 671 4421 Kluuseu
694 4361 745 4418 in:
777 4360 840 4419 Die
862 4358 1036 4420 Abenuuer
1054 4359 1107 4418 dee
1139 4358 1289 4439 chseeue
1308 4375 1366 4418 aus

198 4462 354 4522 Hestbdm
365 4463 488 4523 astro
510 4465 600 4526 Boun
612 4460 706 4527 1834.

282 4567 321 4626 V·
335 4568 392 4630 21.
404 4567 460 4630 22.
480 4566 569 4626 Dum
581 4597 626 4614 ·-
639 4566 747 4626 multo.
792 4563 960 4648 Didymus,
973 4565 1092 4626 Mureto
1104 4573 1181 4627 teste
1196 4559 1281 4648 (Ver.
1294 4564 1364 4623 lect.
