3450 5334
239 556 282 621 at
363 548 649 613 commun
661 548 1008 615 monaulum.
1022 548 1268 613 EPIST.SEPT.
1330 548 1394 615 359

236 742 353 807 6661666
373 742 402 800 oi
419 760 475 819 pro
494 740 598 820 partic.
618 739 759 817 temporis
778 735 901 815 babere,
930 739 1015 817 qaia,
1036 744 1068 798 nt
1089 737 1179 800 semel
1200 740 1294 799 dicam
1314 741 1393 818 quod

237 848 350 921 sentio,
372 846 475 924 partic.
495 844 524 901 ai
545 860 690 920 nunquam
710 840 949 919 significationem
969 840 1138 901 conditionis
1159 862 1279 921 prorsus
1301 844 1392 922 depo-

236 950 288 1010 nit.
332 947 454 1006 Praeter
472 943 643 1004 Lambinum
668 943 764 1003 multis
785 943 822 1001 ad
850 943 879 1001 h.
900 941 920 1002 l.
948 943 1084 1022 exemplis
1113 960 1194 1003 suam
1221 946 1392 1005 senteutiam

235 1049 406 1131 probantem
425 1047 510 1108 aliter
528 1066 643 1126 quoque
663 1047 790 1106 sentirmt
808 1045 915 1106 Heind.
934 1046 972 1103 ad
994 1044 1055 1104 Sat.
1072 1047 1103 1121 2,
1124 1044 1156 1122 3,
1181 1046 1231 1111 10.
1274 1048 1391 1107 1166616.

237 1153 275 1212 66
297 1152 419 1211 Terent.
440 1149 557 1210 Pborm.
581 1151 619 1227 1,
640 1152 671 1226 2,
692 1149 744 1211 69.
787 1147 882 1225 Heyn.
905 1153 935 1205 et
956 1146 1075 1225 Forbig.
1099 1148 1138 1205 ad
1160 1147 1240 1228 Virg.
1263 1149 1336 1209 Aen.
1359 1148 1390 1227 5,

237 1252 290 1317 64.
334 1254 408 1314 Cum
428 1252 473 1311 his
494 1252 571 1309 coni.
593 1249 734 1310 Giinther.
758 1248 863 1309 Athen.
881 1249 905 1310 1.
924 1252 953 1314 2.
976 1270 1006 1329 p·
1024 1250 1096 1315 266.
1139 1250 1240 1312 Jacob.
1262 1252 1390 1311 161666.

236 1356 355 1417 Jahrbb.
380 1352 545 1421 1828111.
568 1354 649 1431 21>-
674 1350 746 1417 132.
788 1350 890 1412 Verbis
912 1358 1007 1413 autem
1028 1350 1164 1412 Albanis
1187 1352 1288 1412 illinet
1306 1354 1391 1433 agris

235 1480 294 1520 non
313 1459 453 1519 indicatur
472 1474 546 1512 rara
560 1454 609 1513 nis
625 1453 694 1530 alta,
715 1462 748 1515 ut
760 1454 826 1513 Fen
837 1456 894 1514 sibi
914 1456 1080 1533 persuadet,
1103 1456 1155 1515 sed
1175 1458 1268 1535 prima
1288 1456 1391 1534 biems,

234 1569 268 1621 ut
287 1567 367 1621 reete
387 1561 477 1619 sentit
499 1556 640 1617 Orelliurs.
683 1557 732 1616 Cf.
750 1556 810 1616 Od.
834 1558 869 1635 8,
891 1558 944 1634 23,
966 1558 1018 1621 10.
1040 1558 1140 1617 nivali
1156 1557 1286 1637 Algido.
1329 1559 1390 1623 Cio.

235 1661 401 1737 6612161,
424 1662 475 1723 11.
495 1658 627 1717 tumulos
639 1657 767 1718 Albano
784 1661 819 1717 in
838 1670 938 1717 monte
958 1660 1084 1719 nivales.
1129 1660 1247 1720 Lueret.
1263 1660 1294 1737 5,
1315 1656 1390 1724 746.

242 1761 377 1823 Tandem
397 1759 507 1819 bruma
528 1763 624 1821 niveis
642 1760 741 1845 affert.
786 1762 833 1823 De
853 1762 976 1822 Horatio
1000 1764 1114 1842 frigoris
1134 1762 1301 1841 impatiente
1325 1762 1390 1822 vide

234 1866 351 1928 Aaron.
372 1872 403 1925 et
425 1862 528 1923 schol.
558 1860 648 1945 tiraq.
669 1864 735 1925 1666
756 1884 844 1945 supra
862 1865 980 1925 laudato
1001 1872 1031 1925 et
1055 1867 1092 1925 de
1111 1864 1223 1926 nivibus
1244 1864 1294 1923 illo
1315 1871 1390 1924 tem·

233 1978 306 2048 port
323 1967 565 2045 frequentioribus
585 1985 672 2045 qaam
690 1986 766 2026 nune
789 1965 940 2025 Scbmr'dri
965 1968 1183 2047 expositionem.
1211 2000 1254 2013 -
1279 1966 1314 2025 V.
1339 1968 1389 2030 11.

233 2069 293 2127 Aa
309 2088 394 2127 mare
413 2068 493 2127 6666.
516 2079 600 2129 vates
620 2080 701 2128 wara.
745 2070 781 2129 16
801 2072 957 2148 postremis
971 2070 1080 2147 verbis,
1100 2078 1133 2131 ut
1149 2072 1179 2128 16
1198 2069 1242 2127 616
1260 2068 1389 2127 versibus

232 2172 306 2231 mira
324 2172 401 2229 inest
420 2177 450 2229 et
469 2171 653 2232 humanitatis
673 2176 705 2231 et
724 2172 851 2231 oaritatis
873 2172 1054 2251 significatio,
1077 2191 1151 2250 quae
1170 2172 1243 2249 sugit
1264 2170 1389 2229 1116166-

233 2274 297 2333 dios
317 2270 418 2331 melius
440 2273 561 2333 edoctos
585 2280 616 2333 et
637 2272 801 2332 edocendos
822 2290 841 2330 a
861 2272 915 2331 Fr.
939 2273 1079 2333 16666616
1100 2294 1130 2354 p.
1156 2270 1216 2339 141
1237 2292 1302 2351 sqq.
1345 2272 1390 2333 lta

232 2376 313 2434 9666
339 2375 433 2432 amici
457 2374 518 2435 06.
539 2378 576 2453 2,
604 2375 642 2452 6,
671 2371 722 2441 24.
747 2372 818 2452 ibiq.
838 2374 955 2435 Mitsob.
978 2383 1009 2437 et
1039 2376 1116 2436 cons.
1138 2375 1223 2435 Voss.
1244 2377 1282 2434 66
1306 2374 1389 2455 Virg.

230 2476 295 2538 Eol.
318 2477 356 2554 9,
393 2474 446 2541 84.
502 2476 603 2537 Verbis
630 2476 687 2535 illis
707 2475 753 2534 ad
770 2496 855 2533 mars
876 2496 963 2554 quum
982 2478 1124 2555 Cruquius
1144 2475 1246 2536 urbem
1265 2477 1389 2558 aliquam

231 2581 402 2642 maritimam
423 2598 545 2658 eamque
570 2579 734 2637 Tarentum
754 2578 945 2657 significatam
965 2581 1024 2640 Od.
1049 2585 1087 2659 2,
1110 2582 1148 2657 6,
1172 2578 1212 2641 13
1230 2598 1296 2657 sqq.
1317 2600 1388 2640 con-

227 2684 364 2763 jecisset,
392 2690 494 2742 eontra
513 2700 579 2739 eum
598 2681 640 2740 ita
662 2684 786 2741 surrexit
805 2680 967 2741 Rodellr'us
975 2725 988 2754 ,
1008 2689 1042 2743 ut
1061 2683 1135 2741 hanc
1155 2679 1254 2740 urbem
1275 2689 1388 2742 eentum

232 2786 340 2845 distare
362 2785 451 2844 leucis
472 2782 509 2841 ab
530 2782 609 2859 agris
629 2780 750 2841 Albanis
773 2789 804 2842 et
823 2782 937 2844 Horatii
956 2784 1034 2861 villa,
1055 2787 1278 2864 propioremque
1300 2784 1389 2861 igitur

229 2888 260 2947 in
288 2886 447 2965 Campania
476 2884 561 2944 sitam
588 2882 802 2961 intelligendam
831 2903 897 2943 esse
925 2884 1045 2944 diceret.
1097 2884 1237 2944 Rodsllii
1266 2886 1388 2963 uestigia

230 2989 358 3067 quodam
377 2987 463 3046 modo
482 3003 574 3064 nuper
591 2984 662 3061 legit
681 2984 918 3056 Bonosum,
941 3005 1026 3063 quum
1050 2984 1181 3047 Sabellio
1201 3006 1259 3046 non
1279 2988 1388 3065 impro-

231 3090 319 3149 bante
342 3086 503 3147 Wielondii
522 3088 687 3165 opinionem
706 3085 792 3146 urbes
816 3088 1001 3163 Surrentum,
1028 3086 1141 3149 Veliam
1161 3088 1207 3148 vel
1226 3089 1386 3150 Tarentum

228 3190 417 3269 intelligentis
444 3189 621 3269 improbaret
647 3195 679 3248 et
700 3188 868 3267 propiorem
887 3188 990 3248 Ostiae
1011 3206 1093 3249 oram
1115 3192 1269 3251 indioatam
1288 3194 1386 3271 conje-

230 3300 334 3354 ctaret.
376 3289 444 3349 Vid.
462 3311 522 3349 von
542 3291 735 3349 Romanam
751 3290 863 3367 „Reise
883 3292 913 3349 in
934 3286 1088 3349 61616666.
1112 3293 1273 3371 Gegenden
1292 3294 1385 3354 Roma

229 3428 273 3441 -
288 3392 449 3455 bearbeitet
465 3414 522 3455 von
541 3392 581 3453 K.
603 3393 642 3453 G.
664 3391 812 3453 Schelle.“
831 3391 857 3451 Ι.
878 3412 908 3471 p.
927 3392 998 3455 187.
1021 3391 1072 3456 88.
1115 3392 1293 3473 Aliquamdiu
1311 3396 1386 3456 hanc

228 3498 402 3559 sententiam
422 3515 478 3573 ego
498 3496 562 3577 ipse
579 3498 667 3556 tuitus
683 3513 745 3555 666
760 3495 791 3553 16
808 3493 855 3554 ed.
877 3493 1026 3572 Schmidii,
1048 3502 1080 3555 at
1095 3516 1170 3557 nuno
1188 3516 1225 3557 eo
1241 3496 1384 3557 lubentius

227 3621 294 3661 eam
310 3606 409 3677 muto,
444 3618 502 3677 quo
522 3599 671 3659 humanius
690 3596 721 3655 16
741 3594 831 3655 literis
854 3596 893 3653 ad
912 3614 959 3655 me
980 3596 1057 3656 datis
1076 3599 1195 3659 meliora
1215 3619 1262 3661 me
1287 3600 1385 3660 docuit

228 3704 381 3775 Horisius,
401 3700 453 3761 Vir
471 3696 705 3777 Clarissimus*)·
748 3694 911 3755 Calabriam
930 3704 961 3757 et
980 3698 1026 3757 616
1044 3706 1075 3759 et
1092 3698 1185 3780 Epist.
1205 3704 1235 3778 1,
1256 3702 1308 3778 15,
1332 3702 1382 3765 18.

312 3939 345 4019 *)
359 3946 454 4002 Verba
466 3947 528 4002 Viri
544 3943 696 4003 doctissimi
710 3943 778 3998 6666
795 3949 874 3997 santa
896 3945 949 4013 „in
967 3945 1020 3999 666
1038 3946 1156 4003 Wortan
1171 3950 1207 4003 66
1222 3964 1299 4001 stara
1311 3947 1382 4001 kann
1434 3952 1438 3959 '

227 4030 274 4086 166
287 4046 339 4084 nur
356 4029 419 4085 6166
431 4033 624 4103 6666666666
636 4032 688 4085 aar
704 4030 822 4101 Gogand
837 4044 893 4083 voa
904 4032 1012 4086 Tarant
1029 4032 1131 4087 finden.
1174 4032 1262 4087 Daffir
1276 4032 1383 4102 sprirbt

227 4116 467 4187 angensatreinlieb
485 4118 521 4172 V.
530 4113 577 4173 45.
618 4118 710 4171 Wenn
719 4116 815 4171 116666
832 4116 898 4169 ‹iort
913 4124 992 4186 sagtr
1013 4118 1078 4171 mihi
1090 4120 1147 4188 jam
1164 4136 1218 4173 666
1233 4118 1312 4187 rogia
1325 4120 1382 4172 Ro-

227 4220 286 4269 ma,
301 4202 359 4255 866
374 4219 489 4257 saeuam
507 4202 598 4257 Tibur
613 4203 706 4275 phoat
716 4208 766 4256 666
778 4200 888 4255 imbelle
906 4202 1072 4270 Tarentum
1095 4222 1126 4258 66
1145 4206 1218 4259 kann
1230 4217 1290 4259 maa
1305 4204 1382 4258 61666

228 4289 328 4343 Warte
345 4285 422 4341 nieht
438 4306 494 4342 von
508 4287 596 4343 61666
609 4290 655 4344 fir
671 4290 726 4343 666
734 4287 850 4341 11166166
867 4287 933 4341 (lori
942 4290 1211 4346 semimersam
1220 4290 1381 4345 616166661-

228 4372 335 4428 autbalt
354 4374 512 4428 ventabren.
564 4373 663 4429 Diaser
686 4372 843 4443 Erklirang
861 4374 1057 4445 widarsprioht
1073 4376 1157 4429 66666
1178 4374 1227 4429 das
1245 4392 1315 4445 gans
1331 4376 1381 4430 ba·

227 4458 332 4513 stimmt
345 4460 584 4531 ausgasproebaus
599 4464 705 4531 piaret,
723 4460 842 4513 welches
857 4458 919 4513 hier
933 4460 1055 4515 61666166
1068 4460 1229 4531 1166666663
1244 4462 1306 4531 hat,
1327 4462 1381 4515 wia

227 4546 285 4599 06.
300 4544 329 4613 b,
345 4542 375 4612 4,
393 4548 428 4602 22
439 4564 516 4617 sqq.r
530 4561 580 4599 666
592 4546 658 4601 mibi
670 4544 800 4615 frigidam
813 4544 980 4615 Praeneste,
998 4564 1047 4601 666
1064 4547 1154 4600 Tibur
1172 4546 1313 4619 supinum,
1332 4564 1381 4601 666

229 4630 350 4703 liquidas
367 4632 495 4703 61666666
511 4631 612 4703 Baiae,
639 4650 684 4688 wo
697 4632 747 4687 666
769 4632 904 4703 piamine
917 4633 1049 4689 obruistis
1062 4650 1113 4687 nur
1126 4631 1206 4687 61666
1221 4632 1380 4689 wirkliahou
