3450 5334
356 499 418 567 168
441 505 720 566 communen
739 506 781 564 IN
800 505 968 566 nomm
984 504 1117 566 uulsa.
1132 503 1299 564 81100111).
1320 507 1438 566 Lml.
1480 509 1522 576 32

355 695 422 736 sese
444 674 623 738 exercendo.
666 673 742 739 Vide
760 673 917 738 Wieland.
939 673 979 734 ad
995 672 1063 735 lil.
1081 685 1112 735 et
1125 693 1202 756 quor
1216 671 1275 734 hao
1290 673 1329 735 de
1345 698 1379 736 re
1396 676 1523 738 laudaut

354 781 486 860 interpp.
506 778 546 838 ad
566 782 687 839 Patron.
716 798 742 842 6.
768 781 805 854 1.,
828 780 955 840 Creaoll.
978 775 1103 837 Theatr.
1121 776 1210 843 Rhet.
1228 775 1259 854 4,
1281 779 1322 856 6.,
1343 783 1477 845 Messon.
1488 786 1523 840 in

354 883 416 942 Vit.
431 883 505 942 Hor.
529 901 559 961 Ρ.
577 883 660 957 262,
678 883 797 941 Erneat.
817 883 924 945 Lexio.
940 879 1042 941 techn.
1054 882 1106 941 lat
1121 902 1151 960 Ρ.
1165 883 1247 958 102,
1260 885 1386 964 liupert.
1402 883 1442 943 ad
1455 887 1522 948 Inv.

353 985 386 1058 7,
410 984 482 1058 150,
517 981 756 1059 173.‚u11endt.
779 980 818 1041 ad
838 983 900 1044 016.
924 986 1008 1043 Brut.
1027 1004 1058 1063 p.
1075 985 1281 1061 LXXXVIIL‚
1308 984 1462 1049 Sohaefer.
1487 989 1521 1044 16

353 1087 434 1144 Plin.
454 1086 521 1163 jun.
545 1087 629 1163 Vita,
652 1105 746 1168 quam
760 1085 892 1144 versioni
906 1087 1114 1166 Epistularum
1129 1085 1247 1146 addidit
1261 1091 1285 1148 1.
1302 1110 1334 1168 p.
1347 1092 1456 1150 XLVI.
1473 1087 1521 1148 ed.

353 1186 488 1264 secund,
509 1189 649 1267 interprr.
666 1187 705 1246 ad
719 1189 837 1260 Quinot.
854 1191 926 1250 lnst.
946 1191 997 1264 10,
1010 1190 1040 1265 6,
1057 1186 1110 1253 14.
1127 1201 1159 1248 et
1171 1192 1267 1252 Jacob
1281 1193 1314 1249 in
1331 1188 1521 1268 ,011616116-

353 1288 442 1350 ristik
455 1291 607 1349 Luoians“
624 1311 657 1371 Ρ.
673 1287 725 1355 94.
740 1293 777 1353 Ν.
793 1291 842 1355 18.
886 1293 965 1350 Hine
978 1292 1156 1370 longissime
1172 1314 1194 1350 a
1205 1314 1275 1352 veru
1288 1291 1449 1365 uberare,
1466 1295 1521 1375 qni

353 1413 425 1452 oum
445 1394 573 1452 Daoerio
593 1390 652 1452 hoo
669 1393 762 1452 verbo
787 1413 906 1451 reorum
925 1413 1036 1452 conane
1048 1413 1139 1472 agee
1160 1395 1333 1474 ergmfiom
1346 1398 1518 1476 opinantur,

352 1499 532 1560 neominua
553 1497 593 1571 ii,
623 1497 677 1576 qui
698 1515 768 1553 oum
784 1496 947 1556 Torrentio
968 1495 1139 1554 declamare
1164 1495 1204 1555 ad
1227 1497 1374 1557 recitandi
1390 1517 1517 1574 morem,

353 1601 475 1659 aestivis
499 1598 660 1678 praecipue
690 1599 847 1658 mensibus
865 1601 980 1659 Itomae
1008 1600 1174 1676 celebrem,
1201 1601 1352 1676 referunt,
1377 1601 1428 1660 rel
1446 1621 1518 1659 oum

354 1699 530 1762 Sehiraohio
552 1695 653 1783 (Clau.
668 1702 739 1763 Hor.
761 1718 792 1780 p.
814 1695 882 1782 91.)
903 1704 1179 1781 pronuntiationem
1199 1705 1375 1782 intelligunt
1388 1701 1519 1764 611616616-

353 1801 531 1879 6661611,
554 1802 636 1884 quod
651 1823 707 1864 nos
728 1801 955 1880 „deolamiren“
978 1801 1117 1864 dicimus.
1161 1805 1269 1864 Simile
1293 1804 1368 1886 quid
1387 1810 1518 1866 sensisse

276 1975 280 1984 1
351 1905 473 1966 videtur
486 1907 667 1984 Doeringiur
688 1906 721 1962 16
736 1903 783 1964 ed.
801 1907 877 1966 min.
918 1908 965 1964 De
982 1907 1093 1966 talibus
1107 1928 1271 1987 puerorum
1289 1906 1519 1968 declamationi-

351 2009 410 2068 bus
424 2008 504 2068 dixit
517 2007 660 2068 Hauthal.
674 2006 714 2067 ad
732 2011 816 2068 Pers.
826 2009 858 2084 3,
872 2006 925 2074 46.
966 2014 1003 2069 16
1017 2007 1100 2069 huno
1115 2010 1179 2069 fere
1197 2028 1321 2070 sensum
1332 2014 1423 2072 vertit
1436 2013 1517 2069 Dee-

351 2113 471 2192 prezius
488 2115 564 2172 miro
580 2112 730 2173 obnoxius
746 2114 855 2171 errori:
877 2114 979 2188 „Dum
995 2122 1031 2171 tu
1042 2147 1082 2157 -
1094 2116 1208 2173 Romae
1218 2113 1325 2172 reditas
1340 2116 1517 2194 scriptorem

351 2215 428 2274 belli
448 2216 585 2292 Trojani,
610 2235 667 2295 ego
685 2213 767 2273 huno
785 2216 932 2276 revolvi“
974 2218 1020 2275 lta
1041 2217 1133 2275 etiam
1146 2213 1228 2276 huno
1246 2218 1350 2275 locum
1367 2219 1518 2296 interpre-

351 2319 408 2376 tati
429 2328 501 2375 sunt
517 2316 674 2378 Rodelliue
691 2329 722 2377 et
738 2322 881 2394 Pratens3
911 2315 966 2377 sed
982 2319 1060 2377 bene
1079 2329 1184 2378 eontra
1203 2338 1255 2378 eoa
1281 2317 1416 2400 disputat
1433 2322 1517 2378 lilas-
1609 2329 1618 2356 ’

351 2439 418 2484 666.
433 2442 464 2500 p.
477 2418 549 2483 264.
591 2423 716 2480 Nostrae
733 2422 930 2503 explicationi
946 2424 1152 2501 patrocinatur
1165 2418 1269 2487 Sohol.
1285 2423 1375 2504 cruq.
1416 2425 1516 2496 06661

351 2519 499 2581 Rhetoree
523 2524 598 2581 istos
619 2541 715 2602 genus
735 2523 856 2585 dioeudi
883 2522 1039 2603 turgidum
1063 2534 1154 2605 atque
1178 2525 1270 2582 inane
1295 2543 1515 2606 nonnunquam

352 2621 508 2681 affectasse
524 2627 690 2692 verisimile
709 2630 764 2703 sit,
786 2627 974 2689 Haberfeldt.
995 2629 1074 2687 bene
1096 2625 1200 2703 docet,
1221 2631 1399 2705 Horatium,
1421 2648 1516 2710 quum

352 2725 608 2787 declamationum
623 2732 811 2790 mentionem
828 2733 958 2808 faceret,
979 2729 1012 2789 id
1029 2741 1168 2790 secutum
1183 2750 1265 2806 esee,
1282 2729 1516 2790 6116016616-

352 2828 479 2886 1666666
492 2831 658 2890 Homerum
677 2843 822 2914 tauquam
836 2855 926 2894 verae
943 2836 1135 2916 eloquentiae
1152 2845 1270 2913 patrem
1292 2843 1323 2890 et
1337 2851 1429 2891 sanae
1442 2831 1515 2913 phi-

351 2928 509 3010 losophiae
531 2942 684 2992 auotorem
707 2937 941 2996 commendaret,
983 2935 1070 2997 Idem
1089 2939 1154 2995 fere
1172 2938 1193 2993 1.
1210 2956 1238 2994 6.
1254 2933 1443 2993 declamandi
1457 2955 1514 2993 ex-

352 3035 542 3093 ercitationes
569 3053 587 3093 a
611 3043 702 3115 poita
722 3037 773 3098 hio
796 3041 986 3119 vituperari,
1016 3042 1200 3120 Homerique
1225 3039 1388 3097 lectionem
1412 3039 1513 3117 potius

351 3135 557 3196 commendari
571 3142 705 3198 sentiunt
722 3141 897 3201 Sohmiiiue
909 3153 940 3202 et
952 3142 1085 3202 Liibher.
1111 3145 1142 3201 in
1157 3145 1283 3220 Progr.:
1305 3161 1360 3200 zur
1377 3141 1514 3200 Chorod-

351 3238 465 3295 terratilr
477 3239 529 3297 dee
541 3241 649 3299 Horae
665 3252 721 3300 eto.
735 3263 766 3322 Ρ.
779 3245 810 3320 7,
825 3264 955 3326 quorum
967 3249 1150 3305 sententiam
1170 3245 1321 3323 improbat
1335 3245 1387 3302 10.
1404 3243 1513 3302 Jacobs

349 3340 384 3396 in
396 3341 493 3398 literis
507 3339 547 3399 ad
558 3360 608 3399 me
621 3339 838 3404 humanissime
854 3345 948 3406 datis:
971 3350 1129 3424 „Dixerim
1142 3350 1258 3427 potius,
1273 3349 1433 3405 Horatium
1447 3350 1513 3406 Ho-

350 3445 428 3500 meri
448 3449 668 3527 poetarumque
686 3447 821 3507 etudium
841 3469 912 3508 oum
934 3451 1125 3532 eloquentiae
1146 3447 1248 3507 studio
1269 3448 1513 3528 conjungendum

351 3565 417 3605 esse
439 3545 560 3623 dooere,
582 3547 675 3631 idque
693 3561 778 3609 tanto
791 3554 890 3632 magis
905 3565 1018 3633 quanto
1038 3555 1133 3633 major
1146 3553 1261 3610 fructus
1277 3549 1403 3609 indeed
1418 3553 1511 3611 vitam

351 3647 573 3708 emendandam
585 3655 699 3731 peroipi
712 3657 842 3732 potest.“
885 3656 931 3713 01.
946 3657 978 3714 C.
993 3657 1117 3714 Paseov.
1131 3657 1164 3712 in
1175 3652 1278 3712 Leben
1290 3653 1359 3712 und
1370 3654 1512 3711 &delier

350 3751 403 3810 dee
424 3753 541 3812 Home.
571 3757 640 3814 Not.
661 3754 713 3818 26.
757 3755 908 3837 Quicquid
926 3767 989 3833 eet,
1006 3777 1121 3835 parem
1147 3757 1332 3836 eloquentiae
1352 3757 1438 3815 Dens
1458 3755 1512 3814 iile

351 3856 513 3913 Maeoniae
526 3875 544 3913 a
555 3857 723 3916 columella
735 3859 768 3916 in
780 3861 876 3939 praef.
893 3863 921 3922 1.
933 3869 1115 3918 roceum-
1129 3861 1292 3919 Praeneste
1301 3857 1511 3940 (Πραίνεστος,

349 3990 393 4002 ···
414 3981 451 4021 ον
472 3957 534 4018 vid.
552 3958 665 4019 Tzsoha
682 3960 720 4020 ad
733 3963 859 4042 Eutrop.
873 3965 905 4036 2,
919 3959 974 4041 2.),
991 3958 1084 4021 hodie
1101 3964 1303 4039 Palaestrina,
1325 3964 1405 4020 Latii
1422 3965 1512 4044 oppi-

351 4058 441 4137 dum,
470 4062 564 4120 situm
581 4063 613 4119 16
632 4065 928 4138 montemarano,
955 4063 1036 4144 (vib.
1056 4065 1197 4146 Sequeet.
1216 4087 1247 4145 Ρ.
1272 4063 1325 4127 28.
1354 4065 1456 4125 Oberl.
1475 4065 1512 4127 of.

348 4165 448 4244 Heyn.
468 4165 545 4223 lixo.
567 4167 646 4226 VIII.
668 4164 707 4224 ad
720 4169 800 4246 Virg.
814 4169 893 4226 Aeno
912 4167 976 4228 vlt.
992 4187 1024 4248 Ρ.
1040 4170 1126 4250 167.)
1143 4188 1236 4250 quam
1253 4166 1292 4225 ob
1307 4186 1373 4225 rem
1386 4170 1512 4247 Virgilio

349 4271 425 4324 Aen.
447 4269 477 4344 7,
505 4267 577 4330 682.
599 4267 698 4326 altum
719 4271 902 4328 nominatur.
944 4271 991 4330 Eo
1012 4272 1142 4330 Romani
1160 4281 1307 4351 tanquam
1330 4273 1364 4329 in
1385 4275 1513 4330 aestivae

350 4367 473 4428 delicias
495 4367 590 4453 (illor.
606 4371 634 4445 1,
650 4371 716 4452 11.)
738 4371 876 4431 secedere
896 4374 1050 4450 solebant,
1067 4377 1182 4432 aestivo
1198 4383 1336 4452 tempore
1349 4374 1445 4452 frigus
1460 4393 1514 4431 oa-

349 4473 479 4549 ptaturi3
513 4471 585 4531 hino
606 4471 663 4532 0d.
685 4475 716 4549 3,
745 4470 775 4549 4,
799 4476 852 4537 28.
869 4476 1029 4556 stigmam
1050 4477 1212 4535 Pmmeete
1232 4486 1263 4535 et
1281 4478 1355 4536 Jove
1379 4477 1410 4548 3,
1441 4477 1512 4539 190.

346 4571 452 4652 gelida
459 4616 472 4645 ,
495 4575 579 4653 cujus
601 4595 722 4635 oausam
741 4597 782 4636 en
803 4577 863 4638 looi
883 4589 991 4638 natura
1010 4579 1087 4637 bene
1112 4581 1306 4660 investigavit
1325 4581 1512 4640 Borutetteu.
