<?xml version="1.0" encoding="UTF-8"?>
<!DOCTYPE html PUBLIC "-//W3C//DTD XHTML 1.0 Transitional//EN"
    "http://www.w3.org/TR/xhtml1/DTD/xhtml1-transitional.dtd">
<html xmlns="http://www.w3.org/1999/xhtml" xml:lang="en" lang="en">
 <head>
  <title>
</title>
<meta http-equiv="Content-Type" content="text/html;charset=utf-8" />
  <meta name='ocr-system' content='tesseract 3.04.00' />
  <meta name='ocr-capabilities' content='ocr_page ocr_carea ocr_par ocr_line ocrx_word'/>
</head>
<body>
  <div class='ocr_page' id='page_1' title='image "./quintihoratiifl01schmgoog_0110.png"; bbox 0 0 3450 5334; ppageno 0'>
   <div class='ocr_carea' id='block_1_1' title="bbox 314 539 1368 606">
    <p class='ocr_par' dir='ltr' id='par_1_1' title="bbox 314 539 1368 606">
     <span class='ocr_line' id='line_1_1' title="bbox 314 539 1368 606; baseline -0.005 -1"><span class='ocrx_word' id='word_1_1' title='bbox 314 539 356 606; x_wconf 76' lang='grc'>82</span> <span class='ocrx_word' id='word_1_2' title='bbox 421 543 701 604; x_wconf 69' lang='lat' dir='ltr'>commoratu</span> <span class='ocrx_word' id='word_1_3' title='bbox 720 544 760 605; x_wconf 85' lang='lat' dir='ltr'>IN</span> <span class='ocrx_word' id='word_1_4' title='bbox 782 539 950 602; x_wconf 73' lang='lat' dir='ltr'>nomn</span> <span class='ocrx_word' id='word_1_5' title='bbox 970 541 1099 602; x_wconf 85' lang='lat' dir='ltr'><strong>llPlST.</strong></span> <span class='ocrx_word' id='word_1_6' title='bbox 1120 543 1229 600; x_wconf 71' lang='lat' dir='ltr'>Pom</span> <span class='ocrx_word' id='word_1_7' title='bbox 1247 542 1324 602; x_wconf 76' lang='lat' dir='ltr'>un.</span> <span class='ocrx_word' id='word_1_8' title='bbox 1345 544 1368 600; x_wconf 88' lang='lat'>1.</span> 
     </span>
    </p>
   </div>
   <div class='ocr_carea' id='block_1_2' title="bbox 316 709 1492 4692">
    <p class='ocr_par' dir='ltr' id='par_1_2' title="bbox 316 709 1488 3973">
     <span class='ocr_line' id='line_1_2' title="bbox 316 709 1476 792; baseline -0.003 -20"><span class='ocrx_word' id='word_1_9' title='bbox 316 733 388 772; x_wconf 87' lang='lat' dir='ltr'>men</span> <span class='ocrx_word' id='word_1_10' title='bbox 405 713 458 772; x_wconf 90' lang='lat' dir='ltr'>ille</span> <span class='ocrx_word' id='word_1_11' title='bbox 471 714 504 772; x_wconf 89' lang='lat' dir='ltr'>in</span> <span class='ocrx_word' id='word_1_12' title='bbox 519 709 709 772; x_wconf 81' lang='lat' dir='ltr'>defendenda</span> <span class='ocrx_word' id='word_1_13' title='bbox 731 714 877 792; x_wconf 81' lang='lat' dir='ltr'>scriptura</span> <span class='ocrx_word' id='word_1_14' title='bbox 896 723 990 789; x_wconf 81' lang='lat' dir='ltr'>optat.</span> <span class='ocrx_word' id='word_1_15' title='bbox 1036 713 1152 771; x_wconf 81' lang='lat' dir='ltr'>Veteris</span> <span class='ocrx_word' id='word_1_16' title='bbox 1166 713 1248 770; x_wconf 85' lang='lat' dir='ltr'>enim</span> <span class='ocrx_word' id='word_1_17' title='bbox 1265 709 1476 792; x_wconf 70' lang='lat' dir='ltr'><strong>philosophiae</strong></span> 
     </span>
     <span class='ocr_line' id='line_1_3' title="bbox 316 811 1477 894; baseline -0.005 -18"><span class='ocrx_word' id='word_1_18' title='bbox 316 827 379 887; x_wconf 88' lang='lat' dir='ltr'>est,</span> <span class='ocrx_word' id='word_1_19' title='bbox 401 817 515 875; x_wconf 85' lang='lat' dir='ltr'>utalia</span> <span class='ocrx_word' id='word_1_20' title='bbox 534 827 671 889; x_wconf 82' lang='lat' dir='ltr'>taceam,</span> <span class='ocrx_word' id='word_1_21' title='bbox 696 835 759 872; x_wconf 90' lang='lat' dir='ltr'>non</span> <span class='ocrx_word' id='word_1_22' title='bbox 782 826 885 894; x_wconf 86' lang='lat' dir='ltr'>optare</span> <span class='ocrx_word' id='word_1_23' title='bbox 908 817 1004 873; x_wconf 87' lang='lat' dir='ltr'>vitam</span> <span class='ocrx_word' id='word_1_24' title='bbox 1021 813 1160 886; x_wconf 84' lang='lat' dir='ltr'>beatam,</span> <span class='ocrx_word' id='word_1_25' title='bbox 1190 813 1245 872; x_wconf 87' lang='lat' dir='ltr'>ssd</span> <span class='ocrx_word' id='word_1_26' title='bbox 1267 815 1378 874; x_wconf 84' lang='lat' dir='ltr'>facere.</span> <span class='ocrx_word' id='word_1_27' title='bbox 1408 811 1477 874; x_wconf 83' lang='lat' dir='ltr'>Vid.</span> 
     </span>
     <span class='ocr_line' id='line_1_4' title="bbox 316 915 1476 1000; baseline -0.007 -19"><span class='ocrx_word' id='word_1_28' title='bbox 316 921 413 1000; x_wconf 80' lang='lat' dir='ltr'>Epist.</span> <span class='ocrx_word' id='word_1_29' title='bbox 435 919 471 994; x_wconf 89' lang='lat'>1,</span> <span class='ocrx_word' id='word_1_30' title='bbox 492 919 547 992; x_wconf 84' lang='lat'>18,</span> <span class='ocrx_word' id='word_1_31' title='bbox 569 919 643 982; x_wconf 90' lang='grc'><strong>112.</strong></span> <span class='ocrx_word' id='word_1_32' title='bbox 656 919 693 992; x_wconf 92' lang='grc'><strong>2,</strong></span> <span class='ocrx_word' id='word_1_33' title='bbox 711 918 746 991; x_wconf 96' lang='grc'>1,</span> <span class='ocrx_word' id='word_1_34' title='bbox 765 915 836 978; x_wconf 95' lang='grc'><strong>128.</strong></span> <span class='ocrx_word' id='word_1_35' title='bbox 866 917 913 974; x_wconf 89' lang='lat' dir='ltr'>cf.</span> <span class='ocrx_word' id='word_1_36' title='bbox 926 918 1033 977; x_wconf 75' lang='lat' dir='ltr'>Senes.</span> <span class='ocrx_word' id='word_1_37' title='bbox 1049 915 1086 975; x_wconf 88' lang='lat' dir='ltr'>de</span> <span class='ocrx_word' id='word_1_38' title='bbox 1101 919 1217 998; x_wconf 84' lang='lat' dir='ltr'>Trauq.</span> <span class='ocrx_word' id='word_1_39' title='bbox 1237 937 1288 978; x_wconf 80' lang='lat' dir='ltr'>an.</span> <span class='ocrx_word' id='word_1_40' title='bbox 1301 917 1332 980; x_wconf 89' lang='grc'>3.</span> <span class='ocrx_word' id='word_1_41' title='bbox 1362 918 1476 987; x_wconf 80' lang='lat' dir='ltr'>Restat,</span> 
     </span>
     <span class='ocr_line' id='line_1_5' title="bbox 317 1017 1478 1100; baseline -0.008 -17"><span class='ocrx_word' id='word_1_42' title='bbox 317 1035 351 1082; x_wconf 91' lang='lat' dir='ltr'>ut</span> <span class='ocrx_word' id='word_1_43' title='bbox 364 1042 485 1082; x_wconf 80' lang='lat' dir='ltr'>tersum</span> <span class='ocrx_word' id='word_1_44' title='bbox 500 1021 551 1084; x_wconf 87' lang='grc'>68.</span> <span class='ocrx_word' id='word_1_45' title='bbox 567 1020 603 1078; x_wconf 85' lang='lat' dir='ltr'>ab</span> <span class='ocrx_word' id='word_1_46' title='bbox 617 1017 805 1077; x_wconf 85' lang='lat' dir='ltr'>llaberfeldti</span> <span class='ocrx_word' id='word_1_47' title='bbox 821 1019 885 1098; x_wconf 93' lang='lat' dir='ltr'>(lV.</span> <span class='ocrx_word' id='word_1_48' title='bbox 903 1041 933 1099; x_wconf 90' lang='lat' dir='ltr'>p.</span> <span class='ocrx_word' id='word_1_49' title='bbox 945 1019 1067 1100; x_wconf 79' lang='lat' dir='ltr'><strong>XLIX.)</strong></span> <span class='ocrx_word' id='word_1_50' title='bbox 1085 1019 1276 1078; x_wconf 80' lang='lat' dir='ltr'>incommode</span> <span class='ocrx_word' id='word_1_51' title='bbox 1292 1021 1330 1078; x_wconf 92' lang='lat' dir='ltr'>ob</span> <span class='ocrx_word' id='word_1_52' title='bbox 1345 1018 1478 1097; x_wconf 84' lang='lat' dir='ltr'>syllabas</span> 
     </span>
     <span class='ocr_line' id='line_1_6' title="bbox 317 1120 1478 1193; baseline -0.003 -12"><span class='ocrx_word' id='word_1_53' title='bbox 317 1129 351 1184; x_wconf 85' lang='lat' dir='ltr'>in</span> <span class='ocrx_word' id='word_1_54' title='bbox 367 1123 468 1187; x_wconf 82' lang='lat' dir='ltr'>medio</span> <span class='ocrx_word' id='word_1_55' title='bbox 484 1134 514 1180; x_wconf 86' lang='lat' dir='ltr'>et</span> <span class='ocrx_word' id='word_1_56' title='bbox 528 1123 587 1180; x_wconf 87' lang='lat' dir='ltr'>line</span> <span class='ocrx_word' id='word_1_57' title='bbox 603 1123 742 1182; x_wconf 88' lang='lat' dir='ltr'>similiter</span> <span class='ocrx_word' id='word_1_58' title='bbox 757 1131 899 1180; x_wconf 85' lang='lat' dir='ltr'>sonantes</span> <span class='ocrx_word' id='word_1_59' title='bbox 915 1120 1090 1182; x_wconf 82' lang='lat' dir='ltr'>defensione</span> <span class='ocrx_word' id='word_1_60' title='bbox 1102 1121 1309 1186; x_wconf 81' lang='lat' dir='ltr'>defendamus.</span> <span class='ocrx_word' id='word_1_61' title='bbox 1332 1124 1478 1193; x_wconf 81' lang='lat' dir='ltr'>Primum,</span> 
     </span>
     <span class='ocr_line' id='line_1_7' title="bbox 318 1221 1478 1313; baseline -0.005 -25"><span class='ocrx_word' id='word_1_62' title='bbox 318 1247 492 1313; x_wconf 85' lang='lat' dir='ltr'>quanquam</span> <span class='ocrx_word' id='word_1_63' title='bbox 506 1228 583 1286; x_wconf 83' lang='lat' dir='ltr'>tales</span> <span class='ocrx_word' id='word_1_64' title='bbox 596 1225 731 1304; x_wconf 75' lang='lat' dir='ltr'><strong>syllabae</strong></span> <span class='ocrx_word' id='word_1_65' title='bbox 750 1227 830 1282; x_wconf 89' lang='lat' dir='ltr'>inter</span> <span class='ocrx_word' id='word_1_66' title='bbox 849 1243 882 1282; x_wconf 87' lang='lat' dir='ltr'>ee</span> <span class='ocrx_word' id='word_1_67' title='bbox 900 1235 1099 1284; x_wconf 73' lang='lat' dir='ltr'>consonantes</span> <span class='ocrx_word' id='word_1_68' title='bbox 1119 1221 1263 1304; x_wconf 76' lang='lat' dir='ltr'><strong>rhythmo</strong></span> <span class='ocrx_word' id='word_1_69' title='bbox 1278 1225 1478 1282; x_wconf 69' lang='lat' dir='ltr'>recentiorum</span> 
     </span>
     <span class='ocr_line' id='line_1_8' title="bbox 318 1323 1479 1412; baseline -0.01 -21"><span class='ocrx_word' id='word_1_70' title='bbox 318 1330 511 1412; x_wconf 74' lang='lat' dir='ltr'>praeludunt,</span> <span class='ocrx_word' id='word_1_71' title='bbox 533 1339 635 1388; x_wconf 87' lang='lat' dir='ltr'>tamen</span> <span class='ocrx_word' id='word_1_72' title='bbox 649 1347 709 1386; x_wconf 90' lang='lat' dir='ltr'>nou</span> <span class='ocrx_word' id='word_1_73' title='bbox 724 1329 787 1384; x_wconf 84' lang='lat' dir='ltr'>veri</span> <span class='ocrx_word' id='word_1_74' title='bbox 803 1323 930 1406; x_wconf 86' lang='lat' dir='ltr'>putendi</span> <span class='ocrx_word' id='word_1_75' title='bbox 944 1336 1014 1386; x_wconf 89' lang='lat' dir='ltr'>sunt</span> <span class='ocrx_word' id='word_1_76' title='bbox 1031 1323 1176 1405; x_wconf 77' lang='lat' dir='ltr'><strong>rhythmi,</strong></span> <span class='ocrx_word' id='word_1_77' title='bbox 1197 1329 1224 1386; x_wconf 89' lang='lat' dir='ltr'>si</span> <span class='ocrx_word' id='word_1_78' title='bbox 1238 1345 1279 1388; x_wconf 76' lang='lat' dir='ltr'>ex</span> <span class='ocrx_word' id='word_1_79' title='bbox 1295 1336 1358 1385; x_wconf 86' lang='lat' dir='ltr'>arte</span> <span class='ocrx_word' id='word_1_80' title='bbox 1370 1325 1479 1401; x_wconf 79' lang='lat' dir='ltr'>legen-</span> 
     </span>
     <span class='ocr_line' id='line_1_9' title="bbox 317 1425 1478 1514; baseline -0.011 -20"><span class='ocrx_word' id='word_1_81' title='bbox 317 1445 376 1510; x_wconf 83' lang='lat' dir='ltr'>tur,</span> <span class='ocrx_word' id='word_1_82' title='bbox 399 1431 481 1514; x_wconf 88' lang='lat' dir='ltr'>quod</span> <span class='ocrx_word' id='word_1_83' title='bbox 500 1432 577 1490; x_wconf 91' lang='lat' dir='ltr'>bene</span> <span class='ocrx_word' id='word_1_84' title='bbox 598 1432 795 1496; x_wconf 81' lang='lat' dir='ltr'>observarunt</span> <span class='ocrx_word' id='word_1_85' title='bbox 808 1430 937 1488; x_wconf 66' lang='lat' dir='ltr'>Pas-sor.</span> <span class='ocrx_word' id='word_1_86' title='bbox 960 1428 999 1486; x_wconf 78' lang='lat' dir='ltr'>acl</span> <span class='ocrx_word' id='word_1_87' title='bbox 1016 1431 1098 1488; x_wconf 86' lang='lat' dir='ltr'>Pers.</span> <span class='ocrx_word' id='word_1_88' title='bbox 1116 1452 1146 1511; x_wconf 88' lang='lat' dir='ltr'>p.</span> <span class='ocrx_word' id='word_1_89' title='bbox 1162 1430 1237 1494; x_wconf 87' lang='grc'><strong>313.</strong></span> <span class='ocrx_word' id='word_1_90' title='bbox 1252 1439 1284 1487; x_wconf 93' lang='lat' dir='ltr'>et</span> <span class='ocrx_word' id='word_1_91' title='bbox 1299 1425 1478 1488; x_wconf 68' lang='lat' dir='ltr'>Lachman-</span> 
     </span>
     <span class='ocr_line' id='line_1_10' title="bbox 319 1528 1478 1613; baseline -0.01 -18"><span class='ocrx_word' id='word_1_92' title='bbox 319 1558 378 1595; x_wconf 79' lang='lat' dir='ltr'>nne</span> <span class='ocrx_word' id='word_1_93' title='bbox 391 1535 430 1596; x_wconf 91' lang='lat' dir='ltr'>ad</span> <span class='ocrx_word' id='word_1_94' title='bbox 443 1539 533 1613; x_wconf 88' lang='lat' dir='ltr'>Prop.</span> <span class='ocrx_word' id='word_1_95' title='bbox 546 1554 578 1613; x_wconf 91' lang='lat' dir='ltr'><strong>p.</strong></span> <span class='ocrx_word' id='word_1_96' title='bbox 590 1536 643 1598; x_wconf 87' lang='grc'>72.</span> <span class='ocrx_word' id='word_1_97' title='bbox 675 1528 1092 1606; x_wconf 72' lang='lat' dir='ltr'>ef.130nt1.adset.1‚3‚</span> <span class='ocrx_word' id='word_1_98' title='bbox 1116 1530 1188 1596; x_wconf 85' lang='grc'><strong>140.</strong></span> <span class='ocrx_word' id='word_1_99' title='bbox 1222 1528 1342 1588; x_wconf 86' lang='lat' dir='ltr'>Deinde</span> <span class='ocrx_word' id='word_1_100' title='bbox 1363 1538 1478 1586; x_wconf 79' lang='lat' dir='ltr'>veteres</span> 
     </span>
     <span class='ocr_line' id='line_1_11' title="bbox 319 1628 1480 1719; baseline -0.009 -23"><span class='ocrx_word' id='word_1_101' title='bbox 319 1641 402 1719; x_wconf 88' lang='lat' dir='ltr'>iique</span> <span class='ocrx_word' id='word_1_102' title='bbox 417 1639 524 1716; x_wconf 86' lang='lat' dir='ltr'>optimi</span> <span class='ocrx_word' id='word_1_103' title='bbox 539 1637 699 1714; x_wconf 78' lang='lat' dir='ltr'>scriptores</span> <span class='ocrx_word' id='word_1_104' title='bbox 713 1654 776 1692; x_wconf 92' lang='lat' dir='ltr'>non</span> <span class='ocrx_word' id='word_1_105' title='bbox 791 1635 951 1706; x_wconf 78' lang='lat' dir='ltr'>evitarunt,</span> <span class='ocrx_word' id='word_1_106' title='bbox 969 1632 1024 1693; x_wconf 89' lang='lat' dir='ltr'>sed</span> <span class='ocrx_word' id='word_1_107' title='bbox 1039 1637 1089 1694; x_wconf 86' lang='lat' dir='ltr'>rel</span> <span class='ocrx_word' id='word_1_108' title='bbox 1101 1655 1191 1714; x_wconf 88' lang='lat' dir='ltr'>saepe</span> <span class='ocrx_word' id='word_1_109' title='bbox 1203 1637 1416 1714; x_wconf 79' lang='lat' dir='ltr'>quaesiverunt</span> <span class='ocrx_word' id='word_1_110' title='bbox 1429 1628 1480 1686; x_wconf 82' lang='lat' dir='ltr'>rel</span> 
     </span>
     <span class='ocr_line' id='line_1_12' title="bbox 319 1734 1479 1821; baseline -0.009 -20"><span class='ocrx_word' id='word_1_111' title='bbox 319 1749 441 1821; x_wconf 81' lang='lat' dir='ltr'>propter</span> <span class='ocrx_word' id='word_1_112' title='bbox 458 1757 567 1798; x_wconf 85' lang='lat' dir='ltr'>sonum</span> <span class='ocrx_word' id='word_1_113' title='bbox 586 1738 707 1796; x_wconf 88' lang='lat' dir='ltr'>auribus</span> <span class='ocrx_word' id='word_1_114' title='bbox 724 1757 785 1796; x_wconf 90' lang='lat' dir='ltr'>non</span> <span class='ocrx_word' id='word_1_115' title='bbox 803 1740 971 1815; x_wconf 85' lang='lat' dir='ltr'>ingratum,</span> <span class='ocrx_word' id='word_1_116' title='bbox 994 1737 1045 1795; x_wconf 82' lang='lat' dir='ltr'>rel</span> <span class='ocrx_word' id='word_1_117' title='bbox 1059 1757 1099 1796; x_wconf 87' lang='lat' dir='ltr'>ex</span> <span class='ocrx_word' id='word_1_118' title='bbox 1113 1738 1246 1817; x_wconf 88' lang='lat' dir='ltr'>quodam</span> <span class='ocrx_word' id='word_1_119' title='bbox 1261 1736 1351 1796; x_wconf 84' lang='lat' dir='ltr'>rerba</span> <span class='ocrx_word' id='word_1_120' title='bbox 1371 1734 1479 1790; x_wconf 86' lang='lat' dir='ltr'>intimo</span> 
     </span>
     <span class='ocr_line' id='line_1_13' title="bbox 321 1825 1481 1914; baseline -0.009 -13"><span class='ocrx_word' id='word_1_121' title='bbox 321 1861 411 1902; x_wconf 85' lang='lat' dir='ltr'>seusu</span> <span class='ocrx_word' id='word_1_122' title='bbox 434 1838 626 1900; x_wconf 73' lang='lat' dir='ltr'>cohaerentia</span> <span class='ocrx_word' id='word_1_123' title='bbox 645 1843 679 1898; x_wconf 91' lang='lat' dir='ltr'>in</span> <span class='ocrx_word' id='word_1_124' title='bbox 701 1838 803 1900; x_wconf 82' lang='lat' dir='ltr'>medio</span> <span class='ocrx_word' id='word_1_125' title='bbox 825 1851 856 1897; x_wconf 83' lang='lat' dir='ltr'>et</span> <span class='ocrx_word' id='word_1_126' title='bbox 876 1839 946 1900; x_wconf 77' lang='lat' dir='ltr'>line.</span> <span class='ocrx_word' id='word_1_127' title='bbox 957 1839 1125 1906; x_wconf 83' lang='lat' dir='ltr'>collocandi</span> <span class='ocrx_word' id='word_1_128' title='bbox 1140 1840 1241 1900; x_wconf 86' lang='lat' dir='ltr'>studio</span> <span class='ocrx_word' id='word_1_129' title='bbox 1261 1825 1323 1900; x_wconf 73' lang='lat' dir='ltr'>isle</span> <span class='ocrx_word' id='word_1_130' title='bbox 1344 1832 1481 1914; x_wconf 77' lang='lat' dir='ltr'>rhythmi</span> 
     </span>
     <span class='ocr_line' id='line_1_14' title="bbox 321 1938 1480 2023; baseline -0.009 -19"><span class='ocrx_word' id='word_1_131' title='bbox 321 1954 353 2007; x_wconf 92' lang='lat' dir='ltr'>et</span> <span class='ocrx_word' id='word_1_132' title='bbox 371 1945 592 2010; x_wconf 84' lang='lat' dir='ltr'>ellitterationis</span> <span class='ocrx_word' id='word_1_133' title='bbox 618 1961 730 2021; x_wconf 87' lang='lat' dir='ltr'>genus,</span> <span class='ocrx_word' id='word_1_134' title='bbox 759 1940 842 2023; x_wconf 89' lang='lat' dir='ltr'>quod</span> <span class='ocrx_word' id='word_1_135' title='bbox 872 1941 988 2004; x_wconf 89' lang='lat' dir='ltr'>erudite</span> <span class='ocrx_word' id='word_1_136' title='bbox 1014 1944 1064 2001; x_wconf 85' lang='lat' dir='ltr'>rel</span> <span class='ocrx_word' id='word_1_137' title='bbox 1094 1955 1276 2006; x_wconf 73' lang='lat' dir='ltr'>annotarunt</span> <span class='ocrx_word' id='word_1_138' title='bbox 1302 1942 1351 2001; x_wconf 84' lang='lat' dir='ltr'>rel</span> <span class='ocrx_word' id='word_1_139' title='bbox 1377 1938 1480 1996; x_wconf 85' lang='lat' dir='ltr'>multis</span> 
     </span>
     <span class='ocr_line' id='line_1_15' title="bbox 322 2043 1480 2128; baseline -0.008 -19"><span class='ocrx_word' id='word_1_140' title='bbox 322 2049 472 2128; x_wconf 70' lang='lat' dir='ltr'>exemplh</span> <span class='ocrx_word' id='word_1_141' title='bbox 488 2046 651 2126; x_wconf 76' lang='lat' dir='ltr'>probentur</span> <span class='ocrx_word' id='word_1_142' title='bbox 670 2045 844 2104; x_wconf 80' lang='lat' dir='ltr'>Schmidinr</span> <span class='ocrx_word' id='word_1_143' title='bbox 855 2047 887 2103; x_wconf 92' lang='lat' dir='ltr'>iu</span> <span class='ocrx_word' id='word_1_144' title='bbox 902 2049 1079 2109; x_wconf 79' lang='lat' dir='ltr'>zimmerm.</span> <span class='ocrx_word' id='word_1_145' title='bbox 1091 2048 1173 2124; x_wconf 82' lang='lat' dir='ltr'><strong>Allg.</strong></span> <span class='ocrx_word' id='word_1_146' title='bbox 1191 2044 1313 2109; x_wconf 76' lang='lat' dir='ltr'>Scbnis·</span> <span class='ocrx_word' id='word_1_147' title='bbox 1333 2043 1480 2106; x_wconf 84' lang='grc'><strong>182811.</strong></span> 
     </span>
     <span class='ocr_line' id='line_1_16' title="bbox 321 2142 1480 2232; baseline -0.008 -17"><span class='ocrx_word' id='word_1_148' title='bbox 321 2172 353 2232; x_wconf 87' lang='lat' dir='ltr'><strong>p·</strong></span> <span class='ocrx_word' id='word_1_149' title='bbox 377 2151 485 2225; x_wconf 63' lang='lat'>1207„</span> <span class='ocrx_word' id='word_1_150' title='bbox 513 2147 668 2208; x_wconf 74' lang='lat' dir='ltr'>Willrser.</span> <span class='ocrx_word' id='word_1_151' title='bbox 691 2146 765 2207; x_wconf 86' lang='lat' dir='ltr'><strong>ibid.</strong></span> <span class='ocrx_word' id='word_1_152' title='bbox 789 2149 882 2212; x_wconf 89' lang='grc'><strong>1829.</strong></span> <span class='ocrx_word' id='word_1_153' title='bbox 904 2170 935 2229; x_wconf 89' lang='grc' dir='ltr'>Ρ.</span> <span class='ocrx_word' id='word_1_154' title='bbox 961 2149 1071 2224; x_wconf 69' lang='grc'><strong>1257,</strong></span> <span class='ocrx_word' id='word_1_155' title='bbox 1108 2149 1164 2206; x_wconf 77' lang='lat' dir='ltr'>To.</span> <span class='ocrx_word' id='word_1_156' title='bbox 1191 2149 1305 2227; x_wconf 77' lang='lat' dir='ltr'>Bergk.</span> <span class='ocrx_word' id='word_1_157' title='bbox 1331 2150 1364 2206; x_wconf 89' lang='lat' dir='ltr'>iu</span> <span class='ocrx_word' id='word_1_158' title='bbox 1385 2142 1480 2222; x_wconf 76' lang='lat' dir='ltr'>ejusd.</span> 
     </span>
     <span class='ocr_line' id='line_1_17' title="bbox 322 2247 1482 2332; baseline -0.003 -20"><span class='ocrx_word' id='word_1_159' title='bbox 322 2249 498 2312; x_wconf 68' lang='lat' dir='ltr'>zeitschrift</span> <span class='ocrx_word' id='word_1_160' title='bbox 510 2261 566 2312; x_wconf 90' lang='lat' dir='ltr'>eto.</span> <span class='ocrx_word' id='word_1_161' title='bbox 582 2247 674 2314; x_wconf 93' lang='grc'><strong>1834.</strong></span> <span class='ocrx_word' id='word_1_162' title='bbox 690 2271 721 2329; x_wconf 89' lang='grc' dir='ltr'>Ρ.</span> <span class='ocrx_word' id='word_1_163' title='bbox 738 2252 841 2326; x_wconf 71' lang='lat'>1005,</span> <span class='ocrx_word' id='word_1_164' title='bbox 864 2251 995 2310; x_wconf 75' lang='lat' dir='ltr'>Botln&#39;ns</span> <span class='ocrx_word' id='word_1_165' title='bbox 1008 2251 1048 2310; x_wconf 90' lang='lat' dir='ltr'>ad</span> <span class='ocrx_word' id='word_1_166' title='bbox 1064 2254 1157 2310; x_wconf 76' lang='lat' dir='ltr'>Fenn</span> <span class='ocrx_word' id='word_1_167' title='bbox 1171 2255 1195 2310; x_wconf 91' lang='lat'>1.</span> <span class='ocrx_word' id='word_1_168' title='bbox 1210 2274 1241 2332; x_wconf 90' lang='lat' dir='ltr'><strong>p.</strong></span> <span class='ocrx_word' id='word_1_169' title='bbox 1254 2251 1303 2315; x_wconf 83' lang='grc'>16.</span> <span class='ocrx_word' id='word_1_170' title='bbox 1318 2253 1356 2311; x_wconf 92' lang='lat' dir='ltr'>ll.</span> <span class='ocrx_word' id='word_1_171' title='bbox 1368 2271 1399 2328; x_wconf 88' lang='grc' dir='ltr'>Ρ.</span> <span class='ocrx_word' id='word_1_172' title='bbox 1410 2247 1482 2311; x_wconf 82' lang='grc'><strong>139.</strong></span> 
     </span>
     <span class='ocr_line' id='line_1_18' title="bbox 324 2351 1481 2434; baseline -0.006 -20"><span class='ocrx_word' id='word_1_173' title='bbox 324 2354 462 2414; x_wconf 78' lang='lat' dir='ltr'>Naekins</span> <span class='ocrx_word' id='word_1_174' title='bbox 475 2355 509 2412; x_wconf 92' lang='lat' dir='ltr'>in</span> <span class='ocrx_word' id='word_1_175' title='bbox 520 2356 599 2412; x_wconf 88' lang='lat' dir='ltr'>Mus.</span> <span class='ocrx_word' id='word_1_176' title='bbox 615 2351 713 2410; x_wconf 88' lang='lat' dir='ltr'>Rben.</span> <span class='ocrx_word' id='word_1_177' title='bbox 732 2354 825 2416; x_wconf 92' lang='grc'><strong>1829.</strong></span> <span class='ocrx_word' id='word_1_178' title='bbox 849 2357 902 2412; x_wconf 91' lang='lat'>111.</span> <span class='ocrx_word' id='word_1_179' title='bbox 923 2375 954 2434; x_wconf 89' lang='lat' dir='ltr'><strong>p.</strong></span> <span class='ocrx_word' id='word_1_180' title='bbox 974 2355 1048 2418; x_wconf 90' lang='grc'><strong>388.</strong></span> <span class='ocrx_word' id='word_1_181' title='bbox 1067 2375 1135 2434; x_wconf 88' lang='lat' dir='ltr'>sqq.</span> <span class='ocrx_word' id='word_1_182' title='bbox 1173 2354 1323 2433; x_wconf 73' lang='lat' dir='ltr'>Wagner.</span> <span class='ocrx_word' id='word_1_183' title='bbox 1346 2352 1387 2411; x_wconf 87' lang='lat' dir='ltr'>ad</span> <span class='ocrx_word' id='word_1_184' title='bbox 1400 2354 1481 2428; x_wconf 83' lang='lat' dir='ltr'>Virg.</span> 
     </span>
     <span class='ocr_line' id='line_1_19' title="bbox 324 2453 1482 2537; baseline -0.002 -19"><span class='ocrx_word' id='word_1_185' title='bbox 324 2461 402 2518; x_wconf 79' lang='lat' dir='ltr'>sen.</span> <span class='ocrx_word' id='word_1_186' title='bbox 418 2458 449 2532; x_wconf 88' lang='grc'>9,</span> <span class='ocrx_word' id='word_1_187' title='bbox 468 2456 541 2522; x_wconf 88' lang='grc'><strong>123.</strong></span> <span class='ocrx_word' id='word_1_188' title='bbox 563 2453 664 2512; x_wconf 67' lang='grc' dir='ltr'><strong>Βασὰ.</strong></span> <span class='ocrx_word' id='word_1_189' title='bbox 684 2453 723 2512; x_wconf 75' lang='lat' dir='ltr'>ad</span> <span class='ocrx_word' id='word_1_190' title='bbox 739 2455 826 2514; x_wconf 81' lang='lat' dir='ltr'>Ovid·</span> <span class='ocrx_word' id='word_1_191' title='bbox 844 2459 918 2515; x_wconf 79' lang='lat' dir='ltr'>Met·</span> <span class='ocrx_word' id='word_1_192' title='bbox 931 2460 962 2531; x_wconf 91' lang='grc'>2,</span> <span class='ocrx_word' id='word_1_193' title='bbox 976 2459 1051 2522; x_wconf 89' lang='grc'><strong>398.</strong></span> <span class='ocrx_word' id='word_1_194' title='bbox 1067 2455 1482 2537; x_wconf 75' lang='lat' dir='ltr'>6‚491.(Jshn.),13‚379.‚</span> 
     </span>
     <span class='ocr_line' id='line_1_20' title="bbox 329 2555 1483 2638; baseline 0 -20"><span class='ocrx_word' id='word_1_195' title='bbox 329 2557 461 2618; x_wconf 79' lang='lat' dir='ltr'>Coeanb.</span> <span class='ocrx_word' id='word_1_196' title='bbox 482 2555 521 2615; x_wconf 79' lang='lat' dir='ltr'>ad</span> <span class='ocrx_word' id='word_1_197' title='bbox 537 2557 621 2614; x_wconf 81' lang='lat' dir='ltr'>Pers·</span> <span class='ocrx_word' id='word_1_198' title='bbox 642 2558 677 2630; x_wconf 89' lang='lat'>1,</span> <span class='ocrx_word' id='word_1_199' title='bbox 698 2557 749 2619; x_wconf 88' lang='grc'>95.</span> <span class='ocrx_word' id='word_1_200' title='bbox 768 2579 799 2638; x_wconf 92' lang='grc' dir='ltr'>Ρ.</span> <span class='ocrx_word' id='word_1_201' title='bbox 819 2560 909 2634; x_wconf 77' lang='grc'><strong>135,</strong></span> <span class='ocrx_word' id='word_1_202' title='bbox 936 2560 1048 2618; x_wconf 78' lang='lat' dir='ltr'>Barth.</span> <span class='ocrx_word' id='word_1_203' title='bbox 1072 2559 1112 2618; x_wconf 86' lang='lat' dir='ltr'>ad</span> <span class='ocrx_word' id='word_1_204' title='bbox 1131 2561 1207 2619; x_wconf 84' lang='lat' dir='ltr'>Stet.</span> <span class='ocrx_word' id='word_1_205' title='bbox 1227 2559 1328 2620; x_wconf 86' lang='lat' dir='ltr'>Theb.</span> <span class='ocrx_word' id='word_1_206' title='bbox 1345 2561 1384 2632; x_wconf 88' lang='grc'>2,</span> <span class='ocrx_word' id='word_1_207' title='bbox 1399 2557 1483 2628; x_wconf 77' lang='lat'><strong>239..</strong></span> 
     </span>
     <span class='ocr_line' id='line_1_21' title="bbox 325 2655 1484 2741; baseline 0.001 -22"><span class='ocrx_word' id='word_1_208' title='bbox 325 2661 436 2719; x_wconf 80' lang='lat' dir='ltr'>Burm.</span> <span class='ocrx_word' id='word_1_209' title='bbox 454 2655 492 2716; x_wconf 92' lang='lat' dir='ltr'>ad</span> <span class='ocrx_word' id='word_1_210' title='bbox 507 2659 597 2736; x_wconf 86' lang='lat' dir='ltr'>Prop.</span> <span class='ocrx_word' id='word_1_211' title='bbox 614 2661 651 2732; x_wconf 90' lang='lat'>1,</span> <span class='ocrx_word' id='word_1_212' title='bbox 678 2659 714 2733; x_wconf 93' lang='grc'><strong>8,</strong></span> <span class='ocrx_word' id='word_1_213' title='bbox 742 2663 791 2722; x_wconf 89' lang='grc'>11.</span> <span class='ocrx_word' id='word_1_214' title='bbox 808 2672 839 2718; x_wconf 87' lang='lat' dir='ltr'>et</span> <span class='ocrx_word' id='word_1_215' title='bbox 855 2661 895 2720; x_wconf 86' lang='lat' dir='ltr'>od</span> <span class='ocrx_word' id='word_1_216' title='bbox 909 2659 1028 2720; x_wconf 81' lang='lat' dir='ltr'>Loticlr.</span> <span class='ocrx_word' id='word_1_217' title='bbox 1044 2683 1075 2741; x_wconf 90' lang='lat' dir='ltr'>p.</span> <span class='ocrx_word' id='word_1_218' title='bbox 1097 2660 1169 2724; x_wconf 90' lang='grc'><strong>493.</strong></span> <span class='ocrx_word' id='word_1_219' title='bbox 1189 2683 1219 2741; x_wconf 87' lang='grc' dir='ltr'>Ρ.</span> <span class='ocrx_word' id='word_1_220' title='bbox 1237 2664 1311 2726; x_wconf 90' lang='grc'><strong>356.</strong></span> <span class='ocrx_word' id='word_1_221' title='bbox 1347 2662 1426 2720; x_wconf 77' lang='lat' dir='ltr'>cort.</span> <span class='ocrx_word' id='word_1_222' title='bbox 1444 2657 1484 2717; x_wconf 77' lang='lat' dir='ltr'>etl</span> 
     </span>
     <span class='ocr_line' id='line_1_22' title="bbox 325 2759 1480 2847; baseline -0.002 -27"><span class='ocrx_word' id='word_1_223' title='bbox 325 2763 440 2825; x_wconf 80' lang='lat' dir='ltr'>Lucan.</span> <span class='ocrx_word' id='word_1_224' title='bbox 459 2762 488 2833; x_wconf 89' lang='lat'>1,</span> <span class='ocrx_word' id='word_1_225' title='bbox 507 2759 580 2822; x_wconf 86' lang='grc'><strong>329.</strong></span> <span class='ocrx_word' id='word_1_226' title='bbox 611 2760 736 2818; x_wconf 73' lang='lat' dir='ltr'>Sontes.</span> <span class='ocrx_word' id='word_1_227' title='bbox 753 2762 793 2821; x_wconf 88' lang='lat' dir='ltr'>ad</span> <span class='ocrx_word' id='word_1_228' title='bbox 807 2766 932 2823; x_wconf 86' lang='lat' dir='ltr'>Terent.</span> <span class='ocrx_word' id='word_1_229' title='bbox 944 2767 1040 2824; x_wconf 83' lang='lat' dir='ltr'>Maur.</span> <span class='ocrx_word' id='word_1_230' title='bbox 1057 2786 1088 2844; x_wconf 87' lang='lat' dir='ltr'>p.</span> <span class='ocrx_word' id='word_1_231' title='bbox 1108 2765 1181 2829; x_wconf 89' lang='grc'><strong>203.</strong></span> <span class='ocrx_word' id='word_1_232' title='bbox 1193 2767 1258 2828; x_wconf 93' lang='grc'>217</span> <span class='ocrx_word' id='word_1_233' title='bbox 1270 2786 1338 2847; x_wconf 85' lang='lat' dir='ltr'>sqq.</span> <span class='ocrx_word' id='word_1_234' title='bbox 1364 2762 1480 2840; x_wconf 78' lang='lat' dir='ltr'>Wopb.</span> 
     </span>
     <span class='ocr_line' id='line_1_23' title="bbox 325 2861 1484 2949; baseline -0.001 -26"><span class='ocrx_word' id='word_1_235' title='bbox 325 2867 424 2923; x_wconf 86' lang='lat' dir='ltr'>Lectt.</span> <span class='ocrx_word' id='word_1_236' title='bbox 443 2863 527 2924; x_wconf 88' lang='lat' dir='ltr'><strong>Tull.</strong></span> <span class='ocrx_word' id='word_1_237' title='bbox 540 2862 569 2934; x_wconf 89' lang='lat'>1,</span> <span class='ocrx_word' id='word_1_238' title='bbox 588 2861 618 2924; x_wconf 86' lang='grc'>5.</span> <span class='ocrx_word' id='word_1_239' title='bbox 639 2874 668 2920; x_wconf 89' lang='lat' dir='ltr'>et</span> <span class='ocrx_word' id='word_1_240' title='bbox 685 2881 761 2943; x_wconf 88' lang='lat' dir='ltr'>quos</span> <span class='ocrx_word' id='word_1_241' title='bbox 778 2865 883 2925; x_wconf 89' lang='lat' dir='ltr'>laudat</span> <span class='ocrx_word' id='word_1_242' title='bbox 901 2867 1013 2925; x_wconf 81' lang='lat' dir='ltr'>Hand.</span> <span class='ocrx_word' id='word_1_243' title='bbox 1028 2889 1058 2946; x_wconf 92' lang='lat' dir='ltr'>p.</span> <span class='ocrx_word' id='word_1_244' title='bbox 1071 2867 1114 2930; x_wconf 92' lang='grc'>32</span> <span class='ocrx_word' id='word_1_245' title='bbox 1125 2887 1193 2949; x_wconf 88' lang='lat' dir='ltr'>sqq.</span> <span class='ocrx_word' id='word_1_246' title='bbox 1215 2867 1302 2928; x_wconf 76' lang='lat' dir='ltr'>Adde</span> <span class='ocrx_word' id='word_1_247' title='bbox 1320 2865 1484 2927; x_wconf 78' lang='lat' dir='ltr'>Weiclsert.</span> 
     </span>
     <span class='ocr_line' id='line_1_24' title="bbox 325 2963 1484 3050; baseline -0.003 -22"><span class='ocrx_word' id='word_1_248' title='bbox 325 2967 443 3028; x_wconf 81' lang='lat' dir='ltr'>Proles.</span> <span class='ocrx_word' id='word_1_249' title='bbox 459 2967 489 3030; x_wconf 85' lang='lat'>1.</span> <span class='ocrx_word' id='word_1_250' title='bbox 504 2963 542 3024; x_wconf 82' lang='lat' dir='ltr'>de</span> <span class='ocrx_word' id='word_1_251' title='bbox 556 2968 629 3027; x_wconf 82' lang='lat' dir='ltr'>lior.</span> <span class='ocrx_word' id='word_1_252' title='bbox 644 2969 741 3046; x_wconf 83' lang='lat' dir='ltr'>Epist.</span> <span class='ocrx_word' id='word_1_253' title='bbox 755 2989 786 3048; x_wconf 91' lang='grc' dir='ltr'>Ρ.</span> <span class='ocrx_word' id='word_1_254' title='bbox 804 2971 874 3044; x_wconf 86' lang='grc'>28,</span> <span class='ocrx_word' id='word_1_255' title='bbox 900 2969 1011 3050; x_wconf 76' lang='lat' dir='ltr'>Wolff</span> <span class='ocrx_word' id='word_1_256' title='bbox 1030 2971 1201 3048; x_wconf 80' lang='lat' dir='ltr'>Prolegom.</span> <span class='ocrx_word' id='word_1_257' title='bbox 1215 2969 1255 3028; x_wconf 90' lang='lat' dir='ltr'>ed</span> <span class='ocrx_word' id='word_1_258' title='bbox 1267 2973 1367 3030; x_wconf 79' lang='lat' dir='ltr'>Plani.</span> <span class='ocrx_word' id='word_1_259' title='bbox 1379 2969 1484 3026; x_wconf 83' lang='lat' dir='ltr'>Aulul.</span> 
     </span>
     <span class='ocr_line' id='line_1_25' title="bbox 326 3067 1484 3150; baseline 0.006 -22"><span class='ocrx_word' id='word_1_260' title='bbox 326 3091 357 3150; x_wconf 90' lang='lat' dir='ltr'><strong>p.</strong></span> <span class='ocrx_word' id='word_1_261' title='bbox 369 3067 422 3134; x_wconf 89' lang='lat'>41.</span> <span class='ocrx_word' id='word_1_262' title='bbox 444 3067 584 3128; x_wconf 68' lang='lat' dir='ltr'>Kolaios.</span> <span class='ocrx_word' id='word_1_263' title='bbox 602 3067 640 3127; x_wconf 89' lang='lat' dir='ltr'>de</span> <span class='ocrx_word' id='word_1_264' title='bbox 655 3072 898 3132; x_wconf 86' lang='lat' dir='ltr'>llomoeotelenti</span> <span class='ocrx_word' id='word_1_265' title='bbox 913 3084 1019 3132; x_wconf 87' lang='lat' dir='ltr'>natura</span> <span class='ocrx_word' id='word_1_266' title='bbox 1038 3083 1069 3130; x_wconf 90' lang='lat' dir='ltr'>et</span> <span class='ocrx_word' id='word_1_267' title='bbox 1082 3072 1196 3132; x_wconf 88' lang='lat' dir='ltr'>indole.</span> <span class='ocrx_word' id='word_1_268' title='bbox 1218 3073 1375 3132; x_wconf 83' lang='lat' dir='ltr'>Vratislav.</span> <span class='ocrx_word' id='word_1_269' title='bbox 1393 3071 1484 3134; x_wconf 80' lang='grc'><strong>1836·</strong></span> 
     </span>
     <span class='ocr_line' id='line_1_26' title="bbox 326 3171 1483 3254; baseline -0.004 -19"><span class='ocrx_word' id='word_1_270' title='bbox 326 3193 359 3254; x_wconf 88' lang='grc' dir='ltr'>Ρ.</span> <span class='ocrx_word' id='word_1_271' title='bbox 378 3171 429 3235; x_wconf 88' lang='grc'>15.</span> <span class='ocrx_word' id='word_1_272' title='bbox 450 3171 489 3239; x_wconf 90' lang='grc'><strong>19</strong></span> <span class='ocrx_word' id='word_1_273' title='bbox 503 3189 551 3250; x_wconf 85' lang='lat' dir='ltr'>sq.</span> <span class='ocrx_word' id='word_1_274' title='bbox 571 3173 674 3250; x_wconf 74' lang='lat' dir='ltr'>Heyn.</span> <span class='ocrx_word' id='word_1_275' title='bbox 691 3171 731 3232; x_wconf 90' lang='lat' dir='ltr'>ad</span> <span class='ocrx_word' id='word_1_276' title='bbox 745 3175 816 3232; x_wconf 90' lang='lat' dir='ltr'><strong>Tib.</strong></span> <span class='ocrx_word' id='word_1_277' title='bbox 834 3176 863 3250; x_wconf 91' lang='lat'>1,</span> <span class='ocrx_word' id='word_1_278' title='bbox 877 3175 909 3248; x_wconf 89' lang='grc'>9,</span> <span class='ocrx_word' id='word_1_279' title='bbox 921 3176 974 3238; x_wconf 88' lang='grc'>23.</span> <span class='ocrx_word' id='word_1_280' title='bbox 990 3175 1036 3254; x_wconf 88' lang='lat' dir='ltr'>(in</span> <span class='ocrx_word' id='word_1_281' title='bbox 1050 3175 1151 3253; x_wconf 85' lang='lat' dir='ltr'>Obss.)</span> <span class='ocrx_word' id='word_1_282' title='bbox 1174 3175 1295 3235; x_wconf 81' lang='lat' dir='ltr'>Weber.</span> <span class='ocrx_word' id='word_1_283' title='bbox 1317 3175 1356 3234; x_wconf 87' lang='lat' dir='ltr'>ad</span> <span class='ocrx_word' id='word_1_284' title='bbox 1370 3177 1483 3232; x_wconf 83' lang='lat' dir='ltr'>Lucan.</span> 
     </span>
     <span class='ocr_line' id='line_1_27' title="bbox 327 3271 1486 3355; baseline -0.002 -19"><span class='ocrx_word' id='word_1_285' title='bbox 327 3277 367 3336; x_wconf 89' lang='grc' dir='ltr'>Π.</span> <span class='ocrx_word' id='word_1_286' title='bbox 382 3294 413 3354; x_wconf 86' lang='grc' dir='ltr'>Ρ.</span> <span class='ocrx_word' id='word_1_287' title='bbox 429 3271 520 3349; x_wconf 73' lang='grc'><strong>486,</strong></span> <span class='ocrx_word' id='word_1_288' title='bbox 542 3274 637 3334; x_wconf 71' lang='lat' dir='ltr'>Jahn.</span> <span class='ocrx_word' id='word_1_289' title='bbox 654 3274 694 3338; x_wconf 81' lang='lat' dir='ltr'>od</span> <span class='ocrx_word' id='word_1_290' title='bbox 708 3273 762 3336; x_wconf 87' lang='lat' dir='ltr'>Od.</span> <span class='ocrx_word' id='word_1_291' title='bbox 778 3274 814 3350; x_wconf 90' lang='lat'>4,</span> <span class='ocrx_word' id='word_1_292' title='bbox 832 3279 867 3350; x_wconf 89' lang='grc'>6,</span> <span class='ocrx_word' id='word_1_293' title='bbox 890 3278 920 3339; x_wconf 90' lang='grc'>6.</span> <span class='ocrx_word' id='word_1_294' title='bbox 939 3277 1021 3335; x_wconf 88' lang='lat' dir='ltr'>etad</span> <span class='ocrx_word' id='word_1_295' title='bbox 1034 3279 1115 3355; x_wconf 86' lang='lat' dir='ltr'>Virg.</span> <span class='ocrx_word' id='word_1_296' title='bbox 1132 3282 1208 3336; x_wconf 79' lang='lat' dir='ltr'>Aen.</span> <span class='ocrx_word' id='word_1_297' title='bbox 1226 3280 1265 3353; x_wconf 82' lang='lat'>9,</span> <span class='ocrx_word' id='word_1_298' title='bbox 1285 3275 1358 3342; x_wconf 85' lang='lat'><strong>444.</strong></span> <span class='ocrx_word' id='word_1_299' title='bbox 1371 3279 1411 3335; x_wconf 85' lang='lat' dir='ltr'>el.</span> <span class='ocrx_word' id='word_1_300' title='bbox 1436 3278 1486 3334; x_wconf 75' lang='lat' dir='ltr'>Ex</span> 
     </span>
     <span class='ocr_line' id='line_1_28' title="bbox 328 3372 1484 3458; baseline 0.004 -22"><span class='ocrx_word' id='word_1_301' title='bbox 328 3377 453 3436; x_wconf 84' lang='lat' dir='ltr'>Horatio</span> <span class='ocrx_word' id='word_1_302' title='bbox 468 3372 529 3437; x_wconf 88' lang='lat' dir='ltr'>huc</span> <span class='ocrx_word' id='word_1_303' title='bbox 547 3378 698 3458; x_wconf 86' lang='lat' dir='ltr'>imprimis</span> <span class='ocrx_word' id='word_1_304' title='bbox 718 3381 870 3457; x_wconf 86' lang='lat' dir='ltr'>pertinent</span> <span class='ocrx_word' id='word_1_305' title='bbox 884 3381 948 3438; x_wconf 91' lang='lat' dir='ltr'>Sat.</span> <span class='ocrx_word' id='word_1_306' title='bbox 966 3382 993 3455; x_wconf 91' lang='lat'>1,</span> <span class='ocrx_word' id='word_1_307' title='bbox 1014 3377 1045 3454; x_wconf 90' lang='grc'><strong>4,</strong></span> <span class='ocrx_word' id='word_1_308' title='bbox 1068 3384 1117 3443; x_wconf 88' lang='grc'>19.</span> <span class='ocrx_word' id='word_1_309' title='bbox 1160 3382 1253 3439; x_wconf 79' lang='lat' dir='ltr'>Astu</span> <span class='ocrx_word' id='word_1_310' title='bbox 1268 3381 1425 3440; x_wconf 65' lang='lat' dir='ltr'>comem</span> <span class='ocrx_word' id='word_1_311' title='bbox 1444 3411 1484 3422; x_wconf 86' lang='lat'><em>-</em></span> 
     </span>
     <span class='ocr_line' id='line_1_29' title="bbox 327 3478 1485 3562; baseline 0 -22"><span class='ocrx_word' id='word_1_312' title='bbox 327 3499 432 3540; x_wconf 70' lang='lat' dir='ltr'>war.</span> <span class='ocrx_word' id='word_1_313' title='bbox 454 3478 499 3538; x_wconf 88' lang='lat' dir='ltr'>Ib.</span> <span class='ocrx_word' id='word_1_314' title='bbox 518 3479 574 3554; x_wconf 92' lang='grc'>10,</span> <span class='ocrx_word' id='word_1_315' title='bbox 591 3480 642 3542; x_wconf 91' lang='grc'>19.</span> <span class='ocrx_word' id='word_1_316' title='bbox 658 3481 710 3543; x_wconf 88' lang='grc'>20.</span> <span class='ocrx_word' id='word_1_317' title='bbox 725 3483 756 3557; x_wconf 91' lang='grc'><strong>2,</strong></span> <span class='ocrx_word' id='word_1_318' title='bbox 768 3485 798 3556; x_wconf 93' lang='grc'><strong>8,</strong></span> <span class='ocrx_word' id='word_1_319' title='bbox 816 3485 844 3545; x_wconf 94' lang='grc'>1.</span> <span class='ocrx_word' id='word_1_320' title='bbox 865 3485 962 3562; x_wconf 85' lang='lat' dir='ltr'><strong>Epist.</strong></span> <span class='ocrx_word' id='word_1_321' title='bbox 979 3484 1007 3556; x_wconf 93' lang='grc'>1,</span> <span class='ocrx_word' id='word_1_322' title='bbox 1022 3487 1052 3556; x_wconf 90' lang='grc'><strong>2,</strong></span> <span class='ocrx_word' id='word_1_323' title='bbox 1069 3483 1119 3545; x_wconf 87' lang='grc'>12.</span> <span class='ocrx_word' id='word_1_324' title='bbox 1140 3485 1189 3546; x_wconf 87' lang='grc'>16.</span> <span class='ocrx_word' id='word_1_325' title='bbox 1203 3487 1256 3546; x_wconf 91' lang='grc'>22.</span> <span class='ocrx_word' id='word_1_326' title='bbox 1268 3483 1322 3546; x_wconf 86' lang='grc'>82.</span> <span class='ocrx_word' id='word_1_327' title='bbox 1339 3485 1370 3557; x_wconf 91' lang='grc'><strong>8,</strong></span> <span class='ocrx_word' id='word_1_328' title='bbox 1388 3485 1419 3543; x_wconf 92' lang='grc'>6.</span> <span class='ocrx_word' id='word_1_329' title='bbox 1435 3480 1485 3543; x_wconf 91' lang='grc'>10.</span> 
     </span>
     <span class='ocr_line' id='line_1_30' title="bbox 331 3577 1486 3660; baseline -0.009 -10"><span class='ocrx_word' id='word_1_330' title='bbox 331 3577 446 3650; x_wconf 75' lang='grc'><strong>1415.</strong></span> <span class='ocrx_word' id='word_1_331' title='bbox 462 3577 513 3656; x_wconf 81' lang='grc'>14,</span> <span class='ocrx_word' id='word_1_332' title='bbox 529 3581 562 3644; x_wconf 85' lang='lat'>7·</span> <span class='ocrx_word' id='word_1_333' title='bbox 577 3582 626 3656; x_wconf 89' lang='grc'>19,</span> <span class='ocrx_word' id='word_1_334' title='bbox 644 3585 694 3646; x_wconf 92' lang='grc'>11.</span> <span class='ocrx_word' id='word_1_335' title='bbox 710 3585 741 3657; x_wconf 90' lang='grc'><strong>2,</strong></span> <span class='ocrx_word' id='word_1_336' title='bbox 762 3584 791 3658; x_wconf 92' lang='grc'>1,</span> <span class='ocrx_word' id='word_1_337' title='bbox 807 3583 879 3646; x_wconf 91' lang='grc'><strong>100.</strong></span> <span class='ocrx_word' id='word_1_338' title='bbox 913 3587 997 3655; x_wconf 76' lang='lat' dir='ltr'>Quae</span> <span class='ocrx_word' id='word_1_339' title='bbox 1015 3585 1256 3660; x_wconf 79' lang='lat' dir='ltr'>observavimus,</span> <span class='ocrx_word' id='word_1_340' title='bbox 1278 3588 1372 3644; x_wconf 82' lang='lat' dir='ltr'>etiarn</span> <span class='ocrx_word' id='word_1_341' title='bbox 1384 3586 1486 3642; x_wconf 86' lang='lat' dir='ltr'>maxi·-</span> 
     </span>
     <span class='ocr_line' id='line_1_31' title="bbox 328 3682 1486 3768; baseline -0.001 -26"><span class='ocrx_word' id='word_1_342' title='bbox 328 3703 413 3752; x_wconf 80' lang='lat' dir='ltr'>nram</span> <span class='ocrx_word' id='word_1_343' title='bbox 433 3693 551 3762; x_wconf 82' lang='lat' dir='ltr'>partem</span> <span class='ocrx_word' id='word_1_344' title='bbox 570 3682 608 3746; x_wconf 89' lang='lat' dir='ltr'>de</span> <span class='ocrx_word' id='word_1_345' title='bbox 627 3687 694 3746; x_wconf 85' lang='lat' dir='ltr'>aliia</span> <span class='ocrx_word' id='word_1_346' title='bbox 714 3684 965 3750; x_wconf 80' lang='lat' dir='ltr'>homoeoteleutis</span> <span class='ocrx_word' id='word_1_347' title='bbox 985 3707 1009 3745; x_wconf 89' lang='lat' dir='ltr'>s.</span> <span class='ocrx_word' id='word_1_348' title='bbox 1027 3691 1187 3766; x_wconf 80' lang='lat' dir='ltr'>postremis</span> <span class='ocrx_word' id='word_1_349' title='bbox 1213 3688 1339 3768; x_wconf 75' lang='lat' dir='ltr'>syllabis</span> <span class='ocrx_word' id='word_1_350' title='bbox 1358 3685 1486 3746; x_wconf 85' lang='lat' dir='ltr'>duorum</span> 
     </span>
     <span class='ocr_line' id='line_1_32' title="bbox 329 3788 1488 3869; baseline 0 -23"><span class='ocrx_word' id='word_1_351' title='bbox 329 3805 473 3852; x_wconf 69' lang='lat' dir='ltr'>versuum</span> <span class='ocrx_word' id='word_1_352' title='bbox 486 3788 625 3848; x_wconf 78' lang='lat' dir='ltr'>similiter</span> <span class='ocrx_word' id='word_1_353' title='bbox 639 3791 815 3854; x_wconf 83' lang='lat' dir='ltr'>sonantibus</span> <span class='ocrx_word' id='word_1_354' title='bbox 829 3791 942 3864; x_wconf 81' lang='lat' dir='ltr'>valent,</span> <span class='ocrx_word' id='word_1_355' title='bbox 955 3800 990 3848; x_wconf 89' lang='lat' dir='ltr'>nt</span> <span class='ocrx_word' id='word_1_356' title='bbox 996 3792 1130 3868; x_wconf 77' lang='lat' dir='ltr'>Epist.2,</span> <span class='ocrx_word' id='word_1_357' title='bbox 1140 3794 1168 3865; x_wconf 89' lang='lat'>1,</span> <span class='ocrx_word' id='word_1_358' title='bbox 1178 3789 1230 3854; x_wconf 87' lang='lat'>41.</span> <span class='ocrx_word' id='word_1_359' title='bbox 1236 3788 1299 3864; x_wconf 80' lang='grc'>42,</span> <span class='ocrx_word' id='word_1_360' title='bbox 1312 3807 1488 3869; x_wconf 84' lang='lat' dir='ltr'>quanquam</span> 
     </span>
     <span class='ocr_line' id='line_1_33' title="bbox 330 3887 1487 3973; baseline -0.003 -21"><span class='ocrx_word' id='word_1_361' title='bbox 330 3889 369 3952; x_wconf 80' lang='lat' dir='ltr'>(le</span> <span class='ocrx_word' id='word_1_362' title='bbox 381 3888 431 3950; x_wconf 90' lang='lat' dir='ltr'>his</span> <span class='ocrx_word' id='word_1_363' title='bbox 444 3887 495 3952; x_wconf 87' lang='lat' dir='ltr'>hio</span> <span class='ocrx_word' id='word_1_364' title='bbox 508 3888 633 3970; x_wconf 87' lang='lat' dir='ltr'>quidem</span> <span class='ocrx_word' id='word_1_365' title='bbox 642 3909 704 3950; x_wconf 89' lang='lat' dir='ltr'>non</span> <span class='ocrx_word' id='word_1_366' title='bbox 714 3897 877 3973; x_wconf 88' lang='lat' dir='ltr'>quaeritur.</span> <span class='ocrx_word' id='word_1_367' title='bbox 897 3894 955 3971; x_wconf 81' lang='lat' dir='ltr'>[cf.</span> <span class='ocrx_word' id='word_1_368' title='bbox 965 3905 1068 3951; x_wconf 86' lang='lat' dir='ltr'>tamen</span> <span class='ocrx_word' id='word_1_369' title='bbox 1077 3895 1166 3952; x_wconf 85' lang='lat' dir='ltr'>Mart.</span> <span class='ocrx_word' id='word_1_370' title='bbox 1178 3897 1220 3968; x_wconf 86' lang='lat' dir='ltr'>X,</span> <span class='ocrx_word' id='word_1_371' title='bbox 1232 3895 1292 3968; x_wconf 89' lang='grc'><strong>72,</strong></span> <span class='ocrx_word' id='word_1_372' title='bbox 1306 3895 1339 3954; x_wconf 90' lang='grc'>9.</span> <span class='ocrx_word' id='word_1_373' title='bbox 1358 3890 1487 3968; x_wconf 79' lang='lat' dir='ltr'>10.nk.]</span> 
     </span>
    </p>

    <p class='ocr_par' dir='ltr' id='par_1_3' title="bbox 331 3993 1492 4692">
     <span class='ocr_line' id='line_1_34' title="bbox 414 3993 1488 4077; baseline 0.001 -25"><span class='ocrx_word' id='word_1_374' title='bbox 414 3994 451 4052; x_wconf 82' lang='lat' dir='ltr'>V.</span> <span class='ocrx_word' id='word_1_375' title='bbox 476 3993 519 4056; x_wconf 86' lang='lat'>70</span> <span class='ocrx_word' id='word_1_376' title='bbox 541 4011 611 4074; x_wconf 84' lang='lat' dir='ltr'>sqq.</span> <span class='ocrx_word' id='word_1_377' title='bbox 660 3997 819 4069; x_wconf 87' lang='lat' dir='ltr'>Horatius,</span> <span class='ocrx_word' id='word_1_378' title='bbox 853 4006 1016 4077; x_wconf 86' lang='lat' dir='ltr'>postquam</span> <span class='ocrx_word' id='word_1_379' title='bbox 1041 3999 1209 4074; x_wconf 85' lang='lat' dir='ltr'>generatim</span> <span class='ocrx_word' id='word_1_380' title='bbox 1234 4015 1390 4055; x_wconf 75' lang='lat' dir='ltr'>sumntum</span> <span class='ocrx_word' id='word_1_381' title='bbox 1427 4014 1488 4075; x_wconf 86' lang='lat' dir='ltr'>quo</span> 
     </span>
     <span class='ocr_line' id='line_1_35' title="bbox 331 4093 1489 4177; baseline -0.001 -21"><span class='ocrx_word' id='word_1_382' title='bbox 331 4097 441 4174; x_wconf 78' lang='lat' dir='ltr'>vulgus</span> <span class='ocrx_word' id='word_1_383' title='bbox 466 4093 570 4155; x_wconf 84' lang='lat' dir='ltr'>ardeat</span> <span class='ocrx_word' id='word_1_384' title='bbox 595 4099 740 4176; x_wconf 87' lang='lat' dir='ltr'>pecuniae</span> <span class='ocrx_word' id='word_1_385' title='bbox 761 4108 791 4156; x_wconf 89' lang='lat' dir='ltr'>et</span> <span class='ocrx_word' id='word_1_386' title='bbox 811 4095 963 4158; x_wconf 83' lang='lat' dir='ltr'>honorum</span> <span class='ocrx_word' id='word_1_387' title='bbox 982 4097 1135 4174; x_wconf 88' lang='lat' dir='ltr'>studium,</span> <span class='ocrx_word' id='word_1_388' title='bbox 1170 4109 1322 4158; x_wconf 86' lang='lat' dir='ltr'>contemta</span> <span class='ocrx_word' id='word_1_389' title='bbox 1341 4100 1489 4177; x_wconf 83' lang='lat' dir='ltr'>sapientia</span> 
     </span>
     <span class='ocr_line' id='line_1_36' title="bbox 331 4195 1491 4283; baseline 0 -25"><span class='ocrx_word' id='word_1_390' title='bbox 331 4217 432 4260; x_wconf 75' lang='lat' dir='ltr'>renim</span> <span class='ocrx_word' id='word_1_391' title='bbox 446 4195 642 4260; x_wconf 77' lang='lat' dir='ltr'>honestarum</span> <span class='ocrx_word' id='word_1_392' title='bbox 656 4198 861 4275; x_wconf 84' lang='lat' dir='ltr'>admonitrice,</span> <span class='ocrx_word' id='word_1_393' title='bbox 882 4204 1008 4276; x_wconf 83' lang='lat' dir='ltr'>texerit,</span> <span class='ocrx_word' id='word_1_394' title='bbox 1024 4203 1090 4278; x_wconf 87' lang='lat' dir='ltr'>jam</span> <span class='ocrx_word' id='word_1_395' title='bbox 1102 4201 1224 4276; x_wconf 86' lang='lat' dir='ltr'>iudicat,</span> <span class='ocrx_word' id='word_1_396' title='bbox 1241 4221 1335 4283; x_wconf 81' lang='lat' dir='ltr'>qnare</span> <span class='ocrx_word' id='word_1_397' title='bbox 1341 4199 1491 4278; x_wconf 86' lang='lat' dir='ltr'>judicium</span> 
     </span>
     <span class='ocr_line' id='line_1_37' title="bbox 331 4298 1490 4385; baseline -0.002 -23"><span class='ocrx_word' id='word_1_398' title='bbox 331 4299 418 4379; x_wconf 79' lang='lat' dir='ltr'>tulgi</span> <span class='ocrx_word' id='word_1_399' title='bbox 433 4298 471 4359; x_wconf 82' lang='lat' dir='ltr'>de</span> <span class='ocrx_word' id='word_1_400' title='bbox 492 4301 581 4361; x_wconf 86' lang='lat' dir='ltr'>rebus</span> <span class='ocrx_word' id='word_1_401' title='bbox 598 4301 775 4383; x_wconf 85' lang='lat' dir='ltr'>appetendis</span> <span class='ocrx_word' id='word_1_402' title='bbox 795 4313 826 4362; x_wconf 86' lang='lat' dir='ltr'>et</span> <span class='ocrx_word' id='word_1_403' title='bbox 845 4303 998 4382; x_wconf 84' lang='lat' dir='ltr'>fugiendis</span> <span class='ocrx_word' id='word_1_404' title='bbox 1016 4303 1165 4385; x_wconf 82' lang='lat' dir='ltr'>repudiet.</span> <span class='ocrx_word' id='word_1_405' title='bbox 1195 4307 1277 4363; x_wconf 89' lang='lat' dir='ltr'>Haec</span> <span class='ocrx_word' id='word_1_406' title='bbox 1298 4307 1366 4383; x_wconf 88' lang='lat' dir='ltr'>ipsa</span> <span class='ocrx_word' id='word_1_407' title='bbox 1377 4323 1424 4362; x_wconf 87' lang='lat' dir='ltr'>res</span> <span class='ocrx_word' id='word_1_408' title='bbox 1438 4321 1490 4360; x_wconf 89' lang='lat' dir='ltr'>sa-</span> 
     </span>
     <span class='ocr_line' id='line_1_38' title="bbox 332 4401 1490 4489; baseline 0.002 -30"><span class='ocrx_word' id='word_1_409' title='bbox 332 4403 429 4481; x_wconf 82' lang='lat' dir='ltr'>pienti</span> <span class='ocrx_word' id='word_1_410' title='bbox 444 4401 626 4466; x_wconf 87' lang='lat' dir='ltr'>admonitori</span> <span class='ocrx_word' id='word_1_411' title='bbox 644 4407 834 4466; x_wconf 64' lang='lat' dir='ltr'>nonnionem</span> <span class='ocrx_word' id='word_1_412' title='bbox 845 4408 979 4485; x_wconf 88' lang='lat' dir='ltr'>praebet,</span> <span class='ocrx_word' id='word_1_413' title='bbox 1001 4427 1051 4466; x_wconf 80' lang='lat' dir='ltr'>vr.</span> <span class='ocrx_word' id='word_1_414' title='bbox 1066 4427 1133 4489; x_wconf 89' lang='lat' dir='ltr'>sqq.</span> <span class='ocrx_word' id='word_1_415' title='bbox 1148 4409 1338 4486; x_wconf 79' lang='lat' dir='ltr'>singulorum</span> <span class='ocrx_word' id='word_1_416' title='bbox 1349 4423 1490 4488; x_wconf 77' lang='lat' dir='ltr'>perversa</span> 
     </span>
     <span class='ocr_line' id='line_1_39' title="bbox 332 4501 1492 4590; baseline 0.004 -28"><span class='ocrx_word' id='word_1_417' title='bbox 332 4501 435 4564; x_wconf 70' lang='lat' dir='ltr'>india</span> <span class='ocrx_word' id='word_1_418' title='bbox 446 4507 512 4567; x_wconf 77' lang='lat' dir='ltr'>sele</span> <span class='ocrx_word' id='word_1_419' title='bbox 527 4516 557 4565; x_wconf 81' lang='lat' dir='ltr'>et</span> <span class='ocrx_word' id='word_1_420' title='bbox 569 4507 687 4567; x_wconf 76' lang='lat' dir='ltr'>lucetiis</span> <span class='ocrx_word' id='word_1_421' title='bbox 700 4509 932 4588; x_wconf 84' lang='lat' dir='ltr'>perstringendi.</span> <span class='ocrx_word' id='word_1_422' title='bbox 954 4512 1064 4568; x_wconf 84' lang='lat' dir='ltr'>Errant</span> <span class='ocrx_word' id='word_1_423' title='bbox 1077 4515 1170 4590; x_wconf 87' lang='lat' dir='ltr'>igitur</span> <span class='ocrx_word' id='word_1_424' title='bbox 1177 4511 1328 4568; x_wconf 81' lang='lat' dir='ltr'>Dacsn&#39;rss</span> <span class='ocrx_word' id='word_1_425' title='bbox 1342 4520 1373 4568; x_wconf 88' lang='lat' dir='ltr'>et</span> <span class='ocrx_word' id='word_1_426' title='bbox 1387 4509 1492 4567; x_wconf 85' lang='lat' dir='ltr'>Sana·</span> 
     </span>
     <span class='ocr_line' id='line_1_40' title="bbox 334 4602 1492 4692; baseline 0 -24"><span class='ocrx_word' id='word_1_427' title='bbox 334 4605 444 4678; x_wconf 78' lang='lat' dir='ltr'>rlonur,</span> <span class='ocrx_word' id='word_1_428' title='bbox 466 4611 521 4686; x_wconf 80' lang='lat' dir='ltr'>qui</span> <span class='ocrx_word' id='word_1_429' title='bbox 537 4627 583 4684; x_wconf 83' lang='lat' dir='ltr'>ea,</span> <span class='ocrx_word' id='word_1_430' title='bbox 606 4628 684 4690; x_wconf 84' lang='lat' dir='ltr'>quae</span> <span class='ocrx_word' id='word_1_431' title='bbox 705 4623 888 4692; x_wconf 87' lang='lat' dir='ltr'>sequnntur,</span> <span class='ocrx_word' id='word_1_432' title='bbox 910 4614 987 4692; x_wconf 84' lang='lat' dir='ltr'>legis</span> <span class='ocrx_word' id='word_1_433' title='bbox 1002 4616 1128 4673; x_wconf 78' lang='lat' dir='ltr'>Rosciae</span> <span class='ocrx_word' id='word_1_434' title='bbox 1141 4630 1231 4672; x_wconf 85' lang='lat' dir='ltr'>cause</span> <span class='ocrx_word' id='word_1_435' title='bbox 1247 4613 1372 4692; x_wconf 77' lang='lat' dir='ltr'>evulgo</span> <span class='ocrx_word' id='word_1_436' title='bbox 1386 4602 1492 4692; x_wconf 69' lang='lat' dir='ltr'>insigni</span> 
     </span>
    </p>
   </div>
   <div class='ocr_carea' id='block_1_3' title="bbox 0 0 1752 5334">
    <p class='ocr_par' dir='ltr' id='par_1_4' title="bbox 0 0 1752 5334">
     <span class='ocr_line' id='line_1_41' title="bbox 0 0 1752 5334; baseline 0 0"><span class='ocrx_word' id='word_1_437' title='bbox 0 0 1752 5334; x_wconf 95' lang='lat' dir='ltr'> </span> 
     </span>
    </p>
   </div>
  </div>
 </body>
</html>
