3450 5334
213 499 258 564 ⁶9
301 499 587 561 commun
606 503 649 562 m
661 499 827 560 nonam
847 499 978 560 EPIST.
992 499 1159 560 snouttn.
1180 501 1256 559 nm.
1273 503 1297 558 1.
1320 494 1383 562 166

213 687 272 728 eur
285 689 361 727 nam
374 669 474 744 etita,
494 679 616 728 atnam
632 667 673 729 ed
688 671 844 750 superiora
861 679 1033 750 respectum
1045 665 1157 728 habere
1176 679 1277 750 neget,
1299 667 1384 730 haud

212 773 277 832 noio
300 791 342 830 an
360 781 490 852 uterque
514 773 667 832 erraverit.
707 774 832 833 Etenim
860 773 1028 854 particulae
1049 789 1123 830 nam
1152 781 1183 830 et
1209 774 1288 830 enim
1296 813 1310 844 ,
1338 774 1384 832 nti

212 875 401 934 Graeoomm
426 868 486 957 ydp
506 891 598 952 saepe
618 875 789 936 inserviant
812 877 987 936 transitioni
1010 871 1294 955 connectendaeque
1313 894 1384 936 ora·

211 979 301 1052 tioni,
323 985 508 1059 quapropter
531 994 708 1058 quanquam
727 999 841 1056 reram,
862 999 942 1061 quae
967 975 1158 1052 antecedunt,
1179 995 1243 1035 non
1265 995 1384 1056 semper

214 1078 334 1140 addunt
353 1083 511 1153 rationem,
532 1081 724 1158 superiorum
738 1091 843 1140 tamen
860 1091 999 1163 respectu
1022 1081 1156 1158 intelligi
1172 1077 1247 1160 quid
1264 1079 1383 1156 jubent,

213 1193 250 1242 nt
272 1181 306 1242 h.
330 1184 365 1260 1.,
384 1184 481 1262 Epist.
504 1181 534 1256 1,
559 1182 613 1245 76.
632 1191 663 1241 et
683 1179 740 1242 od.
753 1184 785 1259 8,
802 1185 856 1260 11,
866 1184 919 1249 30.
940 1177 994 1244 'ubi
1013 1193 1093 1242 recte
1106 1183 1318 1263 interpretatur
1337 1194 1383 1243 est

215 1287 358 1346 omniun
400 1282 470 1346 vid.
493 1281 592 1340 Hand.
612 1281 653 1342 ad
671 1283 749 1342 Stat.
775 1286 852 1345 silv.
870 1287 899 1363 1,
921 1288 952 1362 2,
979 1287 1051 1349 172·
1068 1286 1157 1344 Vooe.
1178 1283 1310 1364 adldrg.
1327 1288 1382 1346 Ge.

216 1388 246 1462 2,
263 1391 342 1452 212.
363 1382 490 1448 liulmk.
515 1383 556 1442 ad
570 1385 643 1444 Ter.
662 1384 759 1444 Andr.
774 1389 802 1462 1,
822 1390 853 1464 1,
872 1386 925 1452 21.
941 1385 1046 1446 Barth.
1068 1384 1107 1444 ad
1127 1388 1218 1466 Prop.
1237 1389 1268 1464 2,
1282 1388 1335 1462 32,
1350 1388 1382 1461 3,

217 1487 311 1548 Baoh.
333 1488 374 1548 ad
395 1488 482 1549 ovid,
498 1490 573 1546 Met.
595 1489 626 1564 8,
651 1470 726 1553 5302
749 1493 781 1567 9,
804 1493 857 1555 23.
879 1489 991 1551 Ochen.
1010 1488 1051 1548 ad
1063 1488 1125 1548 cto.
1139 1490 1247 1569 Eolog·
1260 1509 1291 1570 p.
1312 1491 1383 1554 189.

218 1591 263 1650 01.
284 1591 388 1652 Hand.
409 1594 500 1652 Ture.
522 1595 562 1650 Π.
581 1611 614 1670 p.
635 1591 710 1655 383.
752 1594 799 1652 De
817 1594 1003 1653 Graecorum
1027 1589 1245 1652 consuetudine
1266 1602 1384 1672 praeter

219 1695 293 1754 alios
307 1693 451 1754 direnmt
469 1695 576 1756 Jacob.
598 1692 637 1752 ad
650 1695 776 1754 [moion.
793 1695 962 1755 Alexandr.
975 1698 1028 1760 20.
1048 1692 1194 1754 Fritzeoh.
1213 1694 1253 1755 ad
1265 1698 1383 1775 Evang.

217 1794 328 1855 rtaoh.
353 1799 404 1872 17,
424 1797 479 1861 23.
500 1808 530 1857 et
551 1797 660 1856 Stallb.
686 1796 726 1856 ad
747 1799 827 1857 Plat.
845 1800 940 1858 Diali.
958 1801 983 1856 1.
1002 1800 1032 1861 1.
1051 1818 1083 1878 p·
1100 1797 1287 1877 93.1.3.p.
1310 1794 1384 1860 140.

217 1899 305 1959 Ratio
319 1900 382 1960 looi
397 1901 489 1979 igitur
504 1898 580 1960 haec
595 1901 668 1958 erit:
690 1899 805 1973 Quodsi
818 1919 926 1961 verum
939 1909 994 1976 est,
1012 1900 1077 1976 jam
1090 1901 1190 1978 primo
1207 1919 1297 1958 mane
1314 1901 1384 1957 ani-

216 2017 313 2076 mum,
337 2020 377 2059 ne
398 2004 480 2061 male
502 2022 594 2062 renuo
613 2001 738 2080 evadat,
767 2003 801 2061 in
824 2003 914 2062 rebus
932 1999 1066 2062 honestis
1084 1999 1288 2060 exercendum
1307 2021 1383 2078 esee,

218 2102 294 2184 quid
319 2114 379 2179 eet,
401 2103 486 2185 qood
503 2107 621 2177 animo,
643 2104 670 2162 ai
693 2115 845 2184 aegrotat,
864 2125 928 2164 non
949 2122 1041 2185 qaam
1064 2104 1197 2183 primum
1217 2121 1385 2177 succurrat,

217 2207 336 2287 quippe
352 2208 405 2288 qui
423 2211 520 2268 oeulis
541 2207 679 2267 nocitura
698 2225 853 2267 removeas
874 2204 980 2266 illioo‘l
1011 2205 1169 2286 Agedum,
1191 2205 1384 2285 amplectere,

217 2308 296 2368 dmn
317 2311 407 2385 lieet,
427 2312 627 2390 sapientiam,
648 2310 787 2368 omniurn
811 2311 955 2369 vitiorum
974 2307 1225 2384 emendatricem,
1247 2309 1336 2388 quia,
1358 2309 1385 2368 ri

218 2423 378 2471 cunctatur
390 2413 495 2487 fuerit,
511 2422 591 2472 reete
604 2410 729 2470 vivendi
738 2411 991 2492 impedimentum
999 2412 1055 2472 tibi
1069 2431 1189 2492 semper
1199 2413 1385 2490 exspectatio

217 2517 285 2589 erit,
306 2535 388 2595 quae
403 2514 517 2594 pendet
540 2535 559 2574 a
578 2515 713 2574 31111101ι
755 2517 854 2574 Aliter
872 2513 1053 2590 flotheder,
1075 2517 1129 2595 qui
1146 2495 1386 2594 particulam'ad

217 2618 320 2677 nolum
349 2617 508 2697 torquordi
538 2617 666 2690 verbnm
700 2618 833 2677 referem
862 2620 1081 2678 sententiarum
1114 2617 1252 2678 ordinem
1281 2619 1387 2678 statuit

218 2717 355 2779 lrnnooet
376 2722 439 2796 „Et
457 2721 567 2781 merito
590 2719 741 2795 cruciaris,
763 2720 835 2800 qaia
848 2723 981 2799 eorporis
998 2723 1146 2800 majorem
1160 2741 1264 2780 curam
1282 2719 1386 2798 haber,

217 2840 312 2903 quam
338 2823 465 2882 animi.“
513 2823 678 2902 Eleganter
706 2824 797 2881 vertit
816 2817 958 2882 Verrius:
987 2825 1083 2900 „Wie
1103 2821 1205 2882 docht
1229 2843 1292 2884 wan
1314 2823 1387 2882 dein

219 2927 306 3004 Ange
325 2927 463 3002 verletzt
484 2925 561 2985 das“
587 2935 645 2984 etc.
687 2925 787 2983 Aliter
806 2923 954 2984 Giinther.
995 2926 1110 2985 Morbis
1128 2927 1261 3007 oorporie
1284 2923 1386 2984 medi·

219 3029 323 3086 oinam
344 3030 459 3108 quaeri,
481 3048 571 3108 aegro
594 3029 697 3087 animo
712 3047 775 3087 non
796 3029 882 3104 item,
906 3026 978 3088 dicit
999 3029 1093 3087 Potite
1109 3029 1206 3107 Epist.
1221 3029 1252 3104 2,
1269 3031 1300 3103 2,
1315 3025 1387 3090 148.

225 3132 254 3205 1,
267 3131 298 3206 6,
309 3133 352 3194 28
367 3150 414 3212 sq.
456 3133 535 3188 ltine
549 3133 627 3191 bene
642 3132 764 3190 Penius
776 3131 809 3207 3,
826 3130 869 3194 63
883 3150 930 3212 aq.
943 3131 1105 3210 praecipit:
1131 3130 1271 3190 Venient
1281 3149 1388 3186 oecur-

221 3234 278 3290 n'te
290 3231 393 3291 morbo
406 3243 464 3293 eto.
479 3244 511 3293 et
520 3231 608 3295 ovid.
622 3235 710 3292 Rem.
722 3236 794 3292 Am·
807 3233 882 3295 229.
930 3233 971 3292 Ut
983 3253 1092 3313 eorpus
1106 3231 1251 3300 redimas,
1263 3229 1388 3310 sornam

219 3338 345 3414 parion
364 3347 395 3394 et
412 3339 514 3417 μὴ,
543 3335 648 3394 Arida
674 3356 729 3396 nee
746 3338 851 3395 titiam
872 3355 927 3394 ora
945 3335 1060 3396 levabis
1082 3355 1185 3416 oqua3
1222 3333 1263 3392 Ut
1281 3334 1387 3393 valona

219 3441 338 3510 ammo,
358 3441 524 3520 quiequam
541 3438 669 3496 tolerare
687 3437 835 3520 negabis?
854 3437 905 3496 At
921 3442 1057 3518 pretim
1076 3459 1151 3518 pare
1169 3437 1244 3496 haee
1266 3455 1387 3516 corpore

148 3589 153 3598 .
221 3545 323 3616 παίω
335 3539 436 3600 habet.
455 3540 562 3600 Senon.
578 3542 639 3620 Ep.
654 3539 706 3603 63.
737 3542 776 3599 Si
788 3561 879 3622 aeger
891 3561 967 3600 eeeee
979 3575 1023 3586 -
1034 3553 1094 3600 toto
1108 3543 1211 3600 annno
1224 3540 1259 3599 id
1269 3559 1387 3621 agerer,

219 3655 363 3724 ntqwn
370 3647 509 3722 primum
525 3642 627 3701 morbo
640 3640 819 3702 tibwois.
870 3643 955 3722 Quid
967 3645 1059 3726 ergo?
1079 3643 1154 3704 Non
1168 3653 1197 3702 et
1211 3665 1294 3702 nunc
1308 3643 1388 3702 idem

214 3746 343 3826 socier?
362 3747 410 3806 cf.
426 3742 501 3804 ibid.
515 3745 567 3810 60.
587 3749 727 3805 Lactant.
747 3748 822 3803 lnrt.
839 3745 871 3820 6,
884 3743 936 3823 24,
956 3747 1010 3811 28.
1051 3743 1235 3824 Appetenda
1255 3757 1298 3804 eat
1314 3746 1390 3804 leaeo

219 3846 364 3908 omnibne
375 3845 538 3907 medicirm.
588 3847 740 3926 (λισηάιπι
759 3850 870 3922 majori
876 3848 1012 3928 periculo
1032 3859 1160 3908 vexatur
1174 3852 1280 3908 animo
1295 3867 1389 3929 qnam

220 3971 345 4029 corpm,
365 3961 501 4030 atquem
512 3951 651 4026 primum
664 3949 826 4010 latmtibua
839 3949 951 4011 morbrkr
962 3949 1138 4011 adhibenda
1155 3953 1387 4010 eumaem.—

223 4053 352 4112 loedrmt
363 4052 496 4110 ecaton.
512 4052 713 4130 ,wetzelim
735 4053 838 4112 minan
852 4063 933 4112 reete
948 4055 982 4112 in
994 4056 1182 4133 Argumenta
1199 4051 1263 4131 huj.
1280 4055 1340 4134 Ep.
1353 4071 1391 4110 ea

218 4154 375 4233 intelligit,
398 4173 477 4236 quae
490 4153 637 4232 adoperto
647 4157 752 4234 turpio
761 4156 835 4216 rint.
854 4157 896 4214 At
905 4153 956 4214 hio
971 4154 1070 4236 agitur
1085 4153 1124 4214 de
1137 4155 1250 4216 morbis
1266 4173 1388 4216 eorum-

221 4277 282 4340 que
298 4259 409 4317 marie.

305 4361 343 4421 V·
359 4360 415 4423 88.
435 4359 495 4419 Eat
511 4365 660 4421 monum.
701 4365 738 4421 ln
755 4357 814 4418 hae
827 4357 1026 4420 similitudine
1041 4361 1176 4421 omnium
1189 4359 1253 4418 fera
1271 4360 1390 4440 lingua-

225 4483 292 4524 rmn
311 4464 469 4522 communi
482 4475 573 4545 atque
590 4485 610 4524 a
629 4463 729 4539 reboo,
751 4481 830 4544 quae
851 4464 947 4522 instar
965 4465 1085 4544 aquilae
1103 4463 1186 4522 illiue
1206 4461 1319 4543 (Epod.
1341 4465 1390 4538 17,

225 4565 290 4647 67.)
311 4567 363 4627 val
375 4566 478 4653 canori
491 4565 580 4627 ovid.
596 4569 671 4632 Met.
683 4569 715 4643 2,
737 4565 812 4630 826.
836 4553 917 4625 cela.
934 4563 963 4642 6,
980 4567 1044 4643 31,
1058 4575 1094 4626 ut
1112 4567 1256 4646 opinatur
1267 4563 1390 4627 Schmi-
