3450 5334
225 487 265 553 19
322 487 612 552 commun
634 490 676 553 ΙΝ
690 492 1292 561 nonnTnLrn.1.nP1sr.mT.
1326 497 1390 565 209

223 674 317 739 Piud.
342 677 517 757 intelligatur
544 680 727 759 hymnorum,
759 702 832 760 quoe
860 683 961 744 cecinit
982 684 1138 765 Pindarus,
1163 686 1322 753 sublimitas
1353 712 1388 753 ac

223 781 432 861 magnificentie
448 775 523 863 (06.
545 780 575 857 4,
592 785 623 856 2,
642 783 694 846 33.
720 784 799 846 scot.
819 784 891 850 Silv.
912 783 944 861 4,
964 788 996 863 7,
1015 786 1141 867 5-3),
1155 790 1199 849 vel
1210 792 1386 873 intelligendi

221 884 277 964 ipsi
299 890 404 964 poetae
419 882 542 944 Pindaro
569 886 723 947 inferiores.
757 889 822 947 Hoc
840 887 895 948 diu'
920 887 1021 948 volunt
1043 890 1234 952 Weicdertue
1248 896 1293 978 (p.
1307 898 1386 979 385)

222 988 468 1068 Deericgisteque
478 1029 490 1056 ‚
512 986 582 1046 illud
605 987 746 1051 Orelliuc.
787 989 835 1053 Ci.
854 988 884 1048 T
885 989 986 1050 urneb.
1001 988 1075 1053 adv.
1099 994 1157 1071 26,
1178 996 1229 1059 27.
1272 996 1318 1057 De
1337 1019 1387 1061 ω.

222 1089 288 1149 dem
318 1087 501 1148 cimilitudine
527 1096 694 1169 comparant
720 1090 807 1155 Mart.
827 1092 847 1151 9
854 1132 866 1169 ,
884 1091 965 1168 100,
985 1090 1015 1151 9.
1032 1089 1083 1171 (de
1107 1095 1167 1153 euin
1187 1099 1384 1180 carminibue):

221 1190 377 1262 Malim
393 1190 479 1247 erede
496 1190 591 1263 milri,
614 1193 718 1273 refert,
743 1214 764 1251 α
779 1194 868 1273 sonte
890 1190 1013 1250 bibatur
1037 1193 1124 1270 Quae
1131 1198 1220 1274 fluit,
1235 1220 1279 1258 un
1291 1204 1385 1282 pqqm

222 1302 414 1374 quaeempet
433 1291 518 1349 unda
535 1294 616 1353 lucu
661 1294 750 1376 Prop.
777 1297 814 1369 2,
841 1294 965 1371 18,51.
986 1294 1055 1372 ibiq.
1081 1296 1208 1358 Bronklc.
1244 1304 1304 1363 Oui
1318 1305 1386 1383 fuel

221 1396 340 1456 indocto
362 1393 517 1476 fctgisnda
544 1394 620 1454 haec
640 1399 746 1455 nemim
769 1396 872 1475 vulgi,
903 1396 978 1473 Ipcu
994 1399 1092 1473 petito
1115 1398 1188 1458 luere
1205 1424 1288 1463 nuno
1308 1407 1386 1466 neila

223 1498 323 1557 dulcis
350 1516 434 1576 aqua
461 1511 513 1559 eet.
556 1496 720 1559 Gallinacln.
739 1500 770 1557 in
796 1497 887 1562 anon
914 1497 976 1561 Pal.
999 1498 1064 1558 ΧΠ.
1086 1498 1146 1577 43,
1173 1503 1213 1578 3,
1243 1502 1307 1569 οὔτ’
1320 1505 1383 1574 aiud

221 1598 339 1687 κρήνης
358 1604 455 1674 πίνω,
476 1604 621 1681 σικχαίνω
642 1595 742 1663 πάντα
764 1596 964 1679 reliquium,
986 1618 1072 1678 quem
1084 1600 1176 1662 locum
1189 1607 1243 1666 Fi.
1261 1612 1382 1677 Iacobo.

222 1707 265 1789 (p.
286 1701 365 1785 354)
384 1702 490 1763 attulit.
532 1703 676 1780 Quicquid
693 1709 756 1781 eet,
776 1720 957 1780 vereor,ue,
989 1705 1038 1779 qui
1058 1703 1190 1781 „Titium
1209 1713 1247 1770 de
1269 1711 1400 1774 Horatii.

222 1807 295 1868 Odia
319 1805 473 1882 aliquando
503 1805 595 1864 mione
620 1805 772 1865 honorilice
796 1805 938 1883 judicasse
963 1801 1195 1887 Pindarumque,
1216 1810 1383 1889 Lyricorum

223 1908 376 1990 principem
390 1912 557 1987 poetarum,
575 1924 655 1967 nnrce
676 1908 793 1984 dignum
811 1907 969 1966 imilau'one
983 1907 1153 1966 6161116666ις
1174 1930 1210 1970 ex
1230 1912 1285 1973 hoc
1298 1936 1382 1978 verm

223 2012 364 2090 conjiciat,
393 2028 547 2089 pancorum
572 2010 647 2067 ierat
666 2026 821 2071 murum.
863 2007 965 2068 nem
985 2010 1011 2069 ci
1034 2011 1097 2086 quic
1121 2012 1275 2091 denegabit
1291 2018 1383 2079 Scho-

222 2112 328 2189 116666,
352 2112 400 2187 qni
425 2111 535 2171 Titium
552 2108 669 2170 Pindari
689 2112 813 2170 carmina
834 2110 864 2168 in
885 2109 1005 2170 latinum
1030 2130 1189 2173 mmonem
1210 2120 1383 2181 convertisse

222 2216 357 2291 tradunt,
380 2220 458 2273 recte
481 2214 566 2273 faciet
590 2230 654 2271 cnm
680 2212 852 2271 Wielcerto
872 2211 917 2293 (p.
933 2213 1036 2292 386.),
1061 2231 1224 2292 quanquam
1247 2218 1330 2279 aliter
1344 2224 1382 2283 de

220 2317 273 2377 hac
288 2334 320 2375 re
334 2318 440 2375 rentire
456 2314 569 2374 videtur
589 2313 732 2373 Ouaunue
739 2357 751 2384 ,
765 2313 803 2375 V.
818 2314 884 2391 CL,
899 2315 929 2374 in
940 2313 1035 2373 Jahnii
1045 2316 1164 2382 Jahrbb.
1182 2319 1276 2385 1330.
1294 2322 1332 2383 Π.
1348 2326 1381 2391 3.

244 2466 251 2481 .
274 2418 348 2483 329.

220 2438 241 2499 p
305 2518 342 2578 V.
358 2518 408 2581 13.
424 2511 475 2579 14.
496 2514 661 2575 fflibmm
677 2552 715 2562 -
729 2528 802 2581 arte.
838 2517 874 2577 ln
889 2518 933 2578 irie
954 2517 1048 2577 verbis
1062 2516 1132 2578 nihil
1151 2528 1196 2580 eet
1215 2528 1309 2600 (quod
1329 2527 1381 2587 ob-

219 2621 390 2681 oervandum
404 2620 518 2679 videtur
535 2623 636 2679 eontra
656 2619 824 2678 Weioheru'
842 2620 1033 2680 oenticdmam
1045 2623 1234 2699 conjecturam
1249 2646 1277 2705 p.
1294 2630 1382 2711 335.)

220 2724 275 2783 uici
294 2721 437 2781 familiaria
454 2721 594 2799 quaedam
613 2721 829 2781 sermocinatio:
851 2723 921 2799 qnid
945 2721 1030 2800 agitl
1050 2730 1146 2781 utrum
1163 2726 1218 2786 hoo
1232 2747 1270 2788 an
1287 2729 1382 2793 illudi

220 2826 280 2886 ie.
301 2824 440 2904 paugime
460 2822 567 2901 aliquid
581 2820 759 2881 Pindaricum
785 2840 822 2881 an
841 2824 880 2881 ad
897 2823 1060 2901 tragoediae
1080 2824 1243 2887 scribendae
1255 2832 1380 2895 animum

220 2925 367 3007 applicati
402 2925 488 2984 Hunc
515 2924 685 2983 sententiam
709 2922 811 2983 dilatat
831 2924 923 2985 Poeta
947 2930 1097 3004 poetarum
1115 2928 1212 2992 modo.
1251 2932 1380 2993 Fidibue

218 3031 343 3090 Latirue
373 3026 529 3085 Thebanos
556 3036 661 3103 aptare
683 3024 785 3083 modae
812 3046 869 3085 una
895 3046 929 3087 ex
956 3026 1085 3085 iounulin
1108 3036 1169 3104 eet,
1196 3050 1253 3107 qua
1274 3042 1379 3112 poetae

220 3130 322 3192 Graeci
341 3126 454 3188 Latinio
477 3130 588 3207 praeire
610 3144 717 3203 eoaque
736 3127 817 3203 quari
840 3130 943 3188 doome
966 3127 1115 3206 deantur,
1140 3136 1174 3187 nt
1194 3129 1251 3194 Od.
1272 3134 1309 3212 8,
1325 3137 1379 3215 30,

221 3236 270 3299 13.
298 3231 443 3291 Aeolium
461 3250 582 3289 cannen
601 3228 646 3287 ad
658 3228 754 3287 [tolca
776 3229 933 3289 deduxere
952 3229 1063 3293 moder.
1092 3230 1171 3309 Virg.
1188 3232 1242 3293 Ge.
1255 3235 1287 3313 3,
1306 3238 1377 3300 176.

219 3336 448 3413 Aecruewnque
460 3352 536 3391 norw
546 3332 691 3390 Romanu
699 3352 758 3409 per
771 3334 885 3411 oppidu
898 3350 1029 3391 wracen.
1057 3332 1105 3395 cf.
1118 3333 1176 3394 06.
1196 3338 1231 3412 1,
1248 3336 1306 3414 26,
1323 3339 1375 3400 10.

219 3435 401 3517 32,3-5.
422 3431 461 3511 4,
479 3434 518 3512 9,
535 3433 565 3495 3.
607 3432 754 3512 Epioe1,
775 3434 833 3511 19,
853 3435 906 3499 23.
936 3433 1022 3511 Prop-
1039 3434 1080 3511 3,
1104 3436 1141 3513 1,
1159 3436 1191 3496 4.
1212 3437 1248 3514 9,
1267 3434 1318 3499 44.
1332 3438 1379 3517 (3,

218 3543 255 3620 8,
270 3536 313 3602 44
328 3535 430 3617 Puld.)
455 3533 501 3594 De
524 3535 648 3595 dictione
668 3536 733 3613 ipsa
759 3535 819 3613 egit
838 3542 952 3613 praeter
974 3534 1044 3594 elion
1062 3536 1240 3596 Hmeheiue
1258 3540 1296 3598 66
1311 3540 1379 3601 Tib.

218 3644 255 3721 2,
274 3642 310 3719 5,
325 3641 356 3703 4.
386 3638 522 3699 Formnla
543 3642 638 3696 autem
656 3639 780 3715 auspice
801 3640 921 3705 Mona.
944 3638 982 3696 de
995 3654 1053 3714 qne
1065 3638 1137 3699 dixit
1149 3640 1246 3705 Bentl.
1262 3645 1300 3703 ud
1320 3646 1378 3706 0d

220 3750 255 3824 1,
269 3750 302 3823 7,
320 3747 373 3808 27.
395 3744 444 3825 (ei.
467 3743 585 3822 Forbig.
609 3744 646 3802 od
662 3738 740 3815 Vng.
760 3736 831 3797 Aen
847 3738 885 3815 3,
905 3736 985 3818 20),
1006 3758 1148 3818 quamque
1168 3743 1274 3803 ironice
1295 3746 1378 3805 addi-

217 3856 279 3909 tam
302 3846 437 3924 opinatur
460 3845 639 3905 Clarissimne
657 3836 848 3901 Weiolzertue
863 3838 907 3920 (p.
924 3838 1004 3919 390)
1024 3861 1118 3919 neque
1138 3846 1257 3923 onrioei,
1285 3864 1378 3923 neque

217 3948 348 4009 malevoli
366 3949 574 4027 percontatorie
591 3954 653 4023 eet,
676 3944 728 4002 aed
742 3945 820 4021 ejus,
844 3943 892 4019 qui
908 3940 1023 4001 alteriue
1047 3946 1159 4023 poetica
1178 3948 1274 4007 atndia
1286 3947 1378 4007 Mucio

218 4070 276 4111 non
300 4050 379 4109 iratis
400 4050 555 4129 procedere
582 4050 689 4127 cupiat.
732 4046 780 4105 Sic
802 4045 904 4103 dexter
912 4044 1030 4122 Apollo
1047 4066 1097 4126 ap.
1111 4048 1189 4110 snt.
1209 4049 1278 4109 silv.
1297 4049 1328 4127 5,
1348 4052 1378 4128 1,

219 4150 269 4216 14.
303 4153 550 4223 Quemadmodum
570 4158 666 4211 autem
688 4149 838 4210 desaevire
858 4146 1036 4207 referendum
1050 4155 1095 4208 eet
1110 4150 1149 4209 66
1167 4146 1204 4211 coi
1220 4145 1379 4232 πόθητῆς

216 4254 400 4339 τραγῳδίας,
417 4256 459 4315 ila
474 4254 643 4333 ampaedlnri
657 4254 694 4313 66
710 4250 878 4331 gravionem
893 4249 1153 4328 sublimitatemque
1168 4252 1305 4311 oralion‘u
1318 4258 1378 4310 tra-

216 4358 298 4436 gine
322 4357 466 4437 propriam
491 4364 522 4417 ei
543 4358 599 4436 ita,
627 4363 660 4416 ut
688 4356 768 4416 nolio
794 4352 935 4428 quaedam
953 4354 1179 4431 exaggerationis
1200 4354 1379 4431 tragoediam

217 4459 310 4537 ipram
333 4459 478 4536 tangentia
501 4460 615 4519 minime
635 4458 720 4517 abuit.
754 4458 801 4519 Cf.
816 4454 904 4515 oren.
928 4454 966 4512 ad
984 4454 1021 4518 Δ.
1033 4452 1068 4517 Ρ.
1086 4450 1237 4518 91-93.
1265 4451 1377 4517 Peerlk.

218 4560 257 4619 ad
273 4560 333 4623 06.
349 4562 381 4639 2,
397 4561 425 4621 1.
448 4582 481 4641 p.
498 4559 570 4625 157.
607 4560 710 4638 chn.
731 4560 770 4618 ed
789 4557 870 4635 Virg.
886 4555 979 4615 Cetei
999 4576 1028 4636 p.
1046 4554 1119 4619 355.
1148 4556 1378 4619 366656616-

1009 4654 1078 4719 15*
1119 4653 1170 4738 (2)
