3450 5334
305 424 348 491 66
412 426 692 490 columbrum]
711 430 753 488 IN
774 429 941 489 Hona'rn
963 426 1092 489 erist.
1114 431 1222 491 ratu.
1239 430 1315 488 Llil.
1336 433 1361 488 1.

305 596 558 659 llitsoberliohius
571 599 604 656 in
622 600 707 657 Fuso.
727 598 777 657 Vl.
797 598 923 655 Rauen.
949 598 1060 657 Venus.
1077 620 1109 677 Ρ.
1128 602 1160 660 7.
1180 628 1219 645 -
1243 596 1332 659 ovid.
1348 599 1423 655 Met.
1434 598 1465 672 8,

305 699 379 761 396.
404 698 493 758 Tulit
508 698 706 779 magniloqrw
721 700 856 759 armetur
872 710 1087 758 menwraverot
1097 720 1160 771 ore,
1176 702 1227 776 15,
1241 701 1313 765 755.
1333 699 1464 760 Phaedr.

308 800 344 875 1,
358 800 394 875 3,
414 796 446 863 4.
474 802 604 861 Tumens
617 802 705 859 inani
715 800 866 881 grucrduo
878 798 1030 879 superbio.
1060 801 1166 862 Seneo.
1181 806 1220 862 H.
1233 804 1256 861 f.
1275 803 1346 866 171.
1372 802 1465 861 Auru

307 901 457 960 tumidum
474 903 554 961 tolls't
565 905 663 963 inani.
688 904 792 964 Octav-
806 900 880 967 497.
906 903 997 962 Claro
1011 912 1157 963 monentes
1166 925 1285 984 genere.
1307 906 1404 983 Epist.
1411 906 1464 967 80.

306 1003 437 1063 Rauen
457 1007 568 1064 virium
589 1005 724 1065 umidus
742 1006 797 1065 ait.
826 1008 900 1065 Juv.
921 1005 961 1080 8,
982 1002 1035 1069 40.
1085 1006 1193 1065 rum
1212 1007 1276 1065 alto
1294 1009 1466 1065 Drusorum

308 1116 470 1167 stemnaate.
516 1110 641 1182 Quintil.
658 1110 732 1167 lust.
756 1109 784 1183 1,
802 1110 833 1183 2,
849 1109 900 1171 18.
909 1140 953 1152 -
963 1118 1019 1165 ard
1033 1120 1139 1167 contro
1147 1112 1284 1168 tumescit
1296 1112 1383 1168 irioni
1390 1130 1465 1188 perb

306 1211 455 1267 suasione.
489 1209 635 1269 Prudent.
649 1212 817 1289 Hamartig.
841 1210 913 1273 168.
930 1211 1044 1269 ninziue
1058 1211 1132 1269 dem
1153 1211 1268 1271 viribus
1285 1224 1394 1271 anetus
1408 1214 1465 1272 In-

298 1310 415 1391 flabo,
436 1312 511 1371 deun
521 1312 641 1393 grande
654 1323 771 1372 tremens
789 1332 852 1371 rese
869 1311 963 1370 altitu
983 1311 1078 1393 effert.
1102 1316 1136 1372 in
1150 1313 1325 1395 Symmuoh.
1341 1318 1372 1391 2,
1393 1314 1463 1379 154.

304 1413 490 1495 pulchroque
501 1416 612 1494 inflata
627 1427 772 1475 usmetum
785 1414 905 1473 honore.
921 1416 1050 1473 Leuant
1062 1419 1137 1475 lust.
1148 1418 1179 1493 6,
1191 1416 1243 1494 24,
1251 1416 1304 1481 24.
1315 1416 1465 1495 Superbia

307 1516 442 1575 tunu'elue
461 1518 597 1595 inflatur.
644 1519 790 1578 Similiter
808 1520 915 1595 inflari
926 1520 1025 1598 Epist.
1039 1521 1077 1594 2,
1102 1520 1137 1594 1,
1158 1520 1230 1583 177.
1270 1522 1343 1579 Juv.
1357 1520 1393 1595 8,
1410 1520 1463 1582 72.

308 1616 371 1677 cic.
391 1620 485 1679 Tusa.
501 1621 537 1697 3,
554 1622 591 1696 9,
616 1622 668 1685 19.
710 1624 847 1681 Laetant.
861 1624 935 1681 lnu.
956 1622 987 1695 6,
999 1617 1030 1696 4,
1050 1623 1103 1685 21.
1125 1623 1205 1680 nan.
1221 1630 1253 1679 et
1274 1623 1398 1702 sufflare
1414 1642 1463 1701 ap.

307 1720 392 1779 Pers.
406 1717 437 1797 4,
453 1725 506 1787 20.
549 1724 628 1781 Hine
643 1725 757 1782 Paulus
766 1721 805 1781 ad
822 1724 891 1782 cor.
906 1724 941 1798 1,
962 1724 1018 1799 13,
1031 1719 1063 1787 4.
1081 1720 1105 1803 ἦ
1119 1717 1224 1807 ἀγάπη
1240 1715 1278 1786 osi
1292 1726 1465 1803 φυσιοῦται.

308 1820 449 1881 ceterum
462 1823 620 1883 ambitioni
630 1824 780 1885 secundus
792 1835 861 1906 post
875 1826 1034 1884 avaritiam
1045 1826 1130 1884 locus
1150 1827 1291 1885 tribuitur
1302 1827 1366 1886 Sat.
1382 1830 1418 1901 1,
1433 1828 1465 1900 4,

307 1925 360 1988 26.
378 1928 416 2003 2,
439 1929 477 2001 2,
500 1926 572 1991 187.
590 1928 693 2009 ibique
713 1925 870 1987 KIrohner.
891 1929 988 2007 Epist.
1007 1930 1039 2004 2,
1057 1931 1096 2003 2,
1119 1927 1182 1991 206
1196 1947 1243 2008 sq.
1285 1930 1336 1989 sio
1350 1929 1465 1988 Seneca

308 2029 403 2107 Epist.
421 2028 491 2091 103.
519 2028 667 2088 Haerebit
683 2028 739 2087 tibi
754 2032 904 2100 avaritie,
925 2028 1073 2109 quamdiu
1088 2049 1183 2088 avaro
1201 2029 1378 2109 sordidoque
1394 2050 1466 2087 oon·

308 2130 427 2188 viverio.
477 2131 626 2191 Haerebit
652 2144 772 2204 tumor,
806 2132 955 2212 quamdiu
980 2152 1050 2202 oum
1079 2131 1205 2209 superbo
1234 2129 1463 2190 conversaberis.

308 2232 430 2291 Consul.
451 2232 492 2292 ed
509 2238 598 2294 Helv.
618 2236 669 2299 13.
714 2235 751 2293 Si
762 2237 895 2294 ararim
916 2235 1048 2307 mu,
1075 2234 1332 2293 vehementissimo
1349 2236 1468 2314 germis

309 2333 438 2393 humani
444 2337 552 2413 pestes,
567 2357 683 2395 morum
696 2335 752 2395 tibi
764 2336 889 2395 auehitur
904 2337 1078 2416 nonfaciet.
1123 2339 1224 2395 Etiam
1238 2338 1358 2397 Lucret.
1371 2337 1403 2412 8,
1414 2338 1466 2400 69.

309 2438 453 2496 urantur
467 2448 495 2495 et
509 2437 656 2497 Ιιοηονιιπι.
671 2459 761 2498 coroa
775 2440 894 2519 cupido.
917 2442 965 2498 ef.
983 2441 1046 2499 cio.
1061 2440 1154 2499 Tune.
1172 2437 1203 2514 4,
1221 2442 1271 2514 11,
1283 2442 1337 2503 26.
1360 2441 1467 2498 Praei-

262 2559 264 2563 ·
310 2540 354 2598 vit
377 2540 568 2620 aliquatenus
590 2543 695 2617 Pluto,
723 2544 776 2623 qui
798 2553 859 2601 tres
884 2545 1004 2601 animae
1030 2543 1201 2622 voluptates
1223 2544 1256 2599 in
1273 2538 1467 2622 philosopho,
1596 2552 1606 2569 ⁴

311 2640 470 2701 ambitioso
487 2651 517 2701 et
525 2662 615 2703 avaro
636 2646 723 2726 quasi
742 2664 900 2725 expressas
912 2644 996 2703 videt
1014 2646 1047 2703 in
1059 2647 1134 2725 Rep.
1148 2646 1179 2707 9.
1193 2666 1224 2723 Ρ.
1240 2641 1314 2707 734.
1335 2644 1369 2701 0.
1383 2640 1467 2700 Frki.

310 2774 353 2789 ·-
374 2755 454 2801 certa
471 2746 610 2823 piaculo.
655 2748 755 2820 Quum
776 2749 871 2807 Poeta
891 2760 1061 2828 perseveret
1078 2750 1111 2805 in
1128 2744 1305 2825 metaphora
1327 2764 1344 2802 u
1362 2744 1468 2803 morbo

311 2843 416 2923 dueta,
439 2846 522 2928 quod
536 2858 566 2908 et
584 2848 699 2909 indicat
715 2869 745 2908 v.
762 2848 815 2914 37.
832 2851 959 2910 verbmn
978 2850 1152 2919 recreandi,
1173 2859 1254 2907 certa
1264 2847 1391 2926 procula
1406 2867 1469 2908 uon

311 2950 342 3007 in
356 2951 531 3009 universum
546 2972 646 3029 saera,
672 2971 749 3033 quae
764 2951 904 3012 fraudem
923 2965 976 3014 aut
990 2956 1089 3013 scelus
1103 2963 1156 3011 eut
1172 2952 1321 3031 flagitium
1344 2951 1469 3029 expiant

309 3050 367 3113 0d·
382 3055 410 3129 1,
430 3054 482 3129 28,
496 3051 548 3119 34.
561 3054 759 3135 intelligenda
774 3067 854 3133 estut,
871 3056 925 3117 sed
941 3059 1074 3137 piamine
1087 3056 1200 3114 morbis
1220 3051 1406 3132 depellendis
1419 3052 1469 3108 vel

310 3154 452 3215 sanandis
472 3168 564 3239 apta,
591 3177 622 3216 v.
644 3158 802 3239 Sprengel.
825 3158 936 3220 Gesch.
962 3158 1016 3218 der
1036 3156 1178 3219 Anneik.
1200 3158 1225 3214 1.
1251 3176 1283 3236 Ρ.
1307 3146 1379 3217 121.
1395 3148 1470 3217 804.

310 3262 455 3320 Homines
471 3262 553 3319 enim
567 3262 683 3343 antiqui
699 3262 850 3321 morbosa
866 3260 925 3321 diis
937 3264 1031 3338 iratis,
1043 3263 1095 3320 vel
1108 3281 1125 3319 a
1140 3258 1338 3318 daemonibus
1352 3258 1470 3315 immis-

310 3382 361 3422 sos
377 3360 576 3439 erediderunt,
594 3366 640 3422 uti
653 3375 776 3445 apparet
791 3384 830 3423 ex
843 3366 932 3444 lliog.
945 3366 1047 3426 baert.
1059 3366 1114 3423 rit.
1128 3360 1258 3442 Pythag.
1272 3360 1303 3435 8,
1317 3360 1371 3423 82.
1390 3359 1469 3417 Cels·

310 3466 365 3525 lib.
384 3467 414 3528 1.
424 3466 526 3545 praef.
541 3487 573 3544 p.
588 3469 620 3530 2.
636 3465 685 3525 ed.
700 3470 751 3524 llr.
764 3467 902 3525 Laotant.
918 3471 992 3526 lnst.
1003 3467 1042 3542 2,
1065 3464 1123 3540 143
1146 3466 1187 3525 oi.
1205 3458 1421 3525 Waohsmutb.
1437 3461 1471 3517 iu

311 3564 424 3627 Athen.
438 3571 477 3643 ss,
491 3569 522 3629 2.
536 3587 568 3648 Ρ.
581 3566 656 3631 226.
677 3566 805 3627 Botlsius
820 3580 974 3651 comparat
988 3570 1177 3648 expiationes
1191 3570 1368 3626 insanorum
1383 3581 1470 3621 caeso

310 3689 417 3750 porco,
433 3667 471 3728 de
485 3671 594 3751 quibus
610 3670 722 3728 Heiud.
738 3669 777 3730 ad
793 3670 857 3730 Sat·
873 3674 904 3745 2,
923 3672 954 3746 8,
972 3669 1046 3736 164.
1066 3671 1201 3729 Placido
1212 3679 1358 3729 vocantur
1377 3675 1471 3732 outa,

311 3774 361 3833 vel
374 3774 444 3854 quia
456 3772 612 3852 praefinita
626 3782 697 3831 sunt
710 3783 740 3831 et
752 3776 916 3833 constituta
930 3771 1042 3853 (Epist.
1058 3777 1089 3849 2,
1102 3777 1134 3849 2,
1150 3776 1223 3837 170.
1244 3773 1308 3830 cic.
1322 3767 1359 3827 de
1375 3769 1472 3845 Iregg.

310 3880 348 3953 2,
363 3876 403 3953 8,
430 3878 499 3958 19.)
525 3876 577 3935 vel
597 3876 667 3956 quia
695 3894 758 3934 non
782 3876 895 3935 fallunt
917 3876 994 3957 (ud.
1019 3875 1138 3953 8,16,
1162 3874 1230 3953 30.)
1256 3891 1344 3954 spem
1364 3870 1472 3931 salutis

312 3977 545 4061 recuperandae.

395 4084 432 4141 V.
450 4084 502 4147 87.
550 4082 608 4140 Ter
627 4114 669 4127 -
688 4078 801 4139 libello.
846 4080 887 4139 Ut
900 4098 941 4137 ex
955 4081 1102 4160 religione
1122 4089 1259 4139 veterum
1279 4094 1396 4135 sacram
1411 4090 1474 4130 rem

313 4201 524 4266 quameunque
539 4186 727 4263 procuraturi
743 4185 910 4245 lotionibus
928 4182 1090 4242 utebantur
1112 4192 1142 4239 et
1158 4179 1350 4239 abstinebant
1368 4198 1386 4237 a
1402 4176 1475 4234 libi-

313 4284 400 4361 dine,
421 4288 464 4344 ita
491 4289 583 4345 etiam
602 4288 675 4366 ipsis
700 4288 903 4347 lavationibus
922 4297 953 4345 et
972 4284 1201 4344 lustrationibus
1223 4280 1297 4341 deos
1318 4282 1475 4361 expiatum

313 4388 351 4446 iri
370 4388 541 4468 sperabant.
584 4394 662 4449 ilino
685 4392 747 4450 cio.
762 4391 858 4469 Legg.
883 4391 921 4464 2,
941 4389 972 4451 8.
993 4387 1038 4445 ad
1059 4386 1145 4445 dion
1164 4385 1295 4444 adeunto
1315 4394 1396 4442 coste
1409 4384 1432 4440 i.
1447 4401 1475 4437 e.

314 4487 415 4573 ἁγνοῖς
428 4502 459 4549 et
472 4497 628 4577 καθαρῶς.
671 4493 743 4552 Tib·
755 4494 787 4570 2,
805 4496 833 4570 1,
846 4490 898 4555 13.
922 4491 1014 4550 Cusla
1023 4488 1148 4567 placent
1162 4490 1297 4566 superis,-
1311 4507 1394 4566 pura
1406 4502 1477 4543 eum
