3450 5334
331 472 398 541 2⁶4
428 473 718 541 commeari
733 472 779 537 IN
792 470 965 537 nouam
987 472 1103 541 LlB.l.
1126 470 1410 546 EPETQUINT.
1453 472 1495 537 74

331 688 389 746 pov
417 662 497 746 sapie
527 662 630 747 tropos
650 662 752 746 oziau
770 661 825 727 eol
844 661 997 743 oippoutov
1023 668 1078 723 etc.
1121 661 1168 728 Ci.
1184 663 1311 743 iutepp.
1328 663 1367 722 ad
1384 662 1444 723 Od.
1463 664 1494 741 1,

331 767 389 838 85,
410 769 464 832 28.
504 765 579 827 nure
595 765 672 827 hunc
691 766 783 825 locum
799 767 980 826 constituunt
997 763 1107 841 aliquot
1121 770 1231 825 veteres
1251 765 1440 839 interpretes,
1460 766 1493 819 ut

330 867 472 928 Irenicm:
492 868 661 947 „institam
675 868 808 926 colluras
826 864 953 923 Brutum
967 869 998 922 et
1015 865 1190 944 Septimium
1197 907 1210 937 ,
1231 872 1264 925 ut
1282 881 1336 941 par
1354 862 1417 942 pari
1428 864 1492 941 jun-

330 970 447 1046 gatur.“
489 967 661 1048 Praecepta,
689 986 763 1046 quae
780 984 840 1027 ev.
859 967 912 1030 22.
927 967 1077 1046 proposita
1094 964 1244 1046 leguntur,
1266 966 1326 1042 ejus
1347 970 1415 1024 sunt
1431 965 1493 1024 olli-

330 1070 383 1148 cii,
404 1073 500 1149 quod,
522 1072 564 1130 uti
592 1087 627 1130 ex
649 1069 719 1129 locis
745 1067 869 1128 laudatis
891 1072 979 1145 atque
1005 1086 1042 1128 ex
1055 1067 1182 1129 Varrone
1202 1086 1248 1147 ap.
1264 1066 1418 1144 Gell13,
1441 1068 1493 1129 11.

330 1178 469 1252 apparet,
486 1188 633 1231 commune
645 1189 744 1231 eorum
761 1169 816 1228 suit
828 1176 859 1228 et
877 1170 1042 1249 proprium,
1068 1170 1117 1247 qui
1135 1169 1241 1230 bonum
1256 1186 1361 1229 menae
1382 1174 1492 1249 patrem

330 1292 417 1351 agere
439 1271 583 1333 solebant.
627 1274 811 1351 Quapropter
832 1270 972 1331 Horatius
995 1272 1259 1332 commemoratione
1283 1272 1407 1329 omnium
1434 1271 1493 1330 iere

330 1374 415 1452 lrujus
431 1375 554 1443 munerh
571 1375 712 1453 partium
741 1374 820 1449 quod
841 1372 896 1432 sibi
917 1378 1020 1452 utpote
1032 1373 1206 1433 connvatori
1225 1371 1352 1431 omnibus
1369 1373 1492 1431 uomens

330 1476 463 1537 absoluto
478 1479 559 1553 quasi
575 1477 613 1535 de
631 1494 710 1535 more
726 1475 889 1553 Mpositum
904 1475 1030 1535 declarat
1044 1480 1131 1552 atque
1145 1475 1318 1553 injunctum,
1345 1472 1376 1531 id
1400 1473 1493 1551 egisse

330 1580 476 1658 putandus
495 1584 557 1657 est,
577 1584 610 1637 ut
623 1576 766 1654 Torquati
786 1576 911 1635 minum
931 1578 969 1635 ad
982 1576 1120 1635 laetitiam
1135 1580 1318 1655 componeret
1330 1580 1360 1633 et
1371 1575 1432 1652 ejus
1448 1594 1493 1635 se-

330 1680 495 1758 veritatem,
515 1682 541 1739 si
561 1698 619 1757 qua
642 1684 738 1757 esset,
766 1678 942 1739 dissolveret.
986 1680 1069 1751 Quae
1087 1679 1112 1737 si
1127 1696 1194 1738 vera
1204 1686 1287 1755 sunt,
1308 1677 1429 1756 primum
1444 1696 1493 1737 re·

331 1782 452 1840 rendum
467 1788 530 1860 est,
549 1800 586 1841 ne
606 1780 738 1840 Orellias
750 1798 831 1840 suam
847 1781 885 1839 (le
904 1798 931 1841 r.
951 1782 1081 1858 imperor
1095 1778 1359 1860 interpretationem
1383 1780 1493 1839 artiori·

331 1882 386 1941 bus
402 1882 536 1943 limitibus
554 1882 699 1943 incluserit
720 1881 766 1941 luis
788 1900 857 1941 usrrs
883 1880 991 1941 verbis:
1018 1900 1132 1959 „quum
1147 1882 1234 1941 semel
1253 1880 1375 1939 officium
1389 1900 1493 1941 coenae

332 1982 385 2042 tibi
413 1984 597 2063 apparandae
613 1985 803 2064 susceperim,
830 1983 957 2043 eirelmi
970 1987 1066 2063 jussus
1083 1982 1119 2043 ab
1133 1982 1207 2059 alio,
1228 1982 1334 2059 cuijus
1353 1990 1429 2041 esset
1446 2002 1493 2043 me

332 2086 401 2145 talia
419 2083 555 2164 jubendi,
575 2092 706 2147 accurate
726 2086 930 2147 amiantumss
971 2084 1082 2146 Deinde
1099 2084 1159 2143 noli
1176 2084 1261 2143 iidem
1280 2084 1384 2145 hubae
1401 2088 1493 2144 Mea

332 2208 404 2247 sono
423 2186 469 2267 (p.
483 2188 589 2264 208),
610 2207 699 2265 quum
716 2187 845 2246 retribuo
857 2185 909 2250 34.
929 2192 960 2245 et
972 2186 1026 2251 35.
1045 2184 1115 2243 illud
1133 2191 1209 2244 tecte
1224 2187 1412 2264 significatum
1431 2206 1494 2247 esse

333 2289 467 2366 opinatur
477 2290 679 2364 intortunium,
700 2288 779 2365 quod
793 2288 927 2349 Cornelio
941 2290 1025 2349 Gallo
1044 2287 1150 2349 amicus
1163 2306 1267 2347 arcana
1278 2292 1404 2372 prodens
1416 2296 1493 2351 attu-

333 2389 418 2470 lerit,
440 2390 529 2468 [cujus
556 2390 598 2449 rei
621 2388 777 2467 locupletes
798 2392 959 2469 nuperrime
976 2390 1092 2469 collegit
1103 2396 1192 2449 testes
1210 2391 1334 2453 Becker.
1360 2394 1398 2453 ad
1417 2392 1492 2458 Gall.

332 2489 358 2549 1.
384 2512 414 2570 p.
428 2492 491 2567 60]
525 2498 587 2551 tum
608 2491 765 2550 cavendum
783 2492 856 2568 erit,
882 2512 920 2553 ne
940 2494 1041 2553 verbm
1070 2503 1105 2550 ut
1130 2502 1214 2550 coeat
1229 2514 1293 2571 par
1312 2500 1368 2553 eto.
1387 2494 1424 2553 ab
1447 2494 1492 2573 iis,

334 2608 408 2667 quae
423 2592 612 2668 antecedunt,
633 2594 778 2670 disjungas
792 2599 824 2652 et
840 2594 880 2654 ad
895 2612 930 2655 ea
945 2596 1067 2673 referas,
1089 2612 1163 2670 quae
1177 2604 1346 2670 sequuntur.

419 2692 454 2753 V.
469 2694 605 2757 26—28·
628 2754 633 2765 ,
648 2694 783 2752 Boram
796 2728 840 2741 -
851 2717 1018 2758 maumam.
1062 2695 1186 2756 Nomina
1197 2696 1341 2757 hominum
1360 2703 1430 2758 nota
1445 2698 1493 2758 illa

334 2794 467 2872 quidem,
487 2795 540 2852 sed
554 2795 682 2855 homines
698 2797 755 2876 ipsi
767 2796 850 2857 nobis
863 2799 979 2859 aliunde
993 2800 1093 2876 ignoti.
1119 2800 1176 2869 Qui
1191 2800 1310 2859 certiora
1323 2802 1360 2860 de
1377 2799 1492 2858 Sabim

333 2897 501 2974 wnketuris
524 2898 638 2973 assequi
658 2899 752 2975 uolet,
779 2899 867 2959 adeat
894 2901 1106 2960 Welaudium
1114 2941 1128 2971 ,
1164 2900 1354 2959 &inuidiam
1361 2942 1375 2972 ,
1408 2901 1493 2959 Orel-

334 2996 420 3057 liurn.
461 2993 568 3056 Nescio
582 3004 694 3076 umen,
713 3018 764 3058 cur
782 3000 959 3079 neglexerint
971 3003 1151 3061 Britannici
1168 3006 1375 3082 coniecturam,
1396 3003 1493 3079 quain

334 3098 474 3158 Sabinum
487 3097 575 3158 habet
589 3120 642 3179 pro
657 3100 715 3159 filio
729 3099 790 3159 Titi
804 3102 894 3163 Flavii
905 3102 1056 3183 Petronis,
1076 3104 1150 3165 bello
1172 3106 1244 3165 civili
1258 3105 1493 3183 Pompeianarum

334 3199 459 3279 partium
473 3200 645 3259 centurionis
662 3208 692 3260 et
704 3201 806 3260 marito
819 3202 974 3284 Vespasiae
986 3204 1100 3285 Pollae,
1121 3226 1156 3267 ex
1175 3226 1233 3284 qua
1244 3208 1345 3285 genuit
1357 3207 1494 3266 Sabinum

335 3306 367 3361 et
380 3298 597 3379 Vespasianum.
628 3303 763 3379 Quisquis
778 3311 840 3381 est,
860 3306 947 3367 homo
959 3308 1022 3388 ipse
1042 3308 1115 3367 belle
1127 3309 1295 3369 describitur
1307 3314 1409 3390 utpote
1420 3328 1493 3367 unus

334 3421 370 3461 ex
388 3403 440 3479 iis,
466 3422 551 3480 quern
566 3424 659 3462 coena
672 3407 758 3483 prior
766 3409 927 3488 potiorque
936 3410 1043 3488 proella
1058 3410 1187 3469 detinere
1203 3412 1340 3491 potuerit.
1383 3412 1493 3481 Quodsi

334 3524 458 3563 oausam
478 3506 574 3582 prior.
622 3506 716 3566 schol
736 3507 841 3587 Cruq.‚
870 3510 1029 3589 Cruquius,
1065 3510 1236 3591 Lambinus,
1262 3514 1326 3589 alii,
1352 3512 1493 3572 meliorem

334 3606 396 3664 sive
407 3605 555 3665 lautiorem
566 3607 747 3688 intelligunt,
764 3628 863 3670 vereor
881 3617 915 3670 nt
938 3612 1011 3673 lianc
1024 3614 1255 3693 significationen
1275 3614 1320 3673 hie
1336 3614 1494 3694 repererint

335 3706 459 3767 Romani
471 3708 535 3787 ipsi.
556 3710 661 3767 Potior
677 3710 779 3770 dicitur
791 3711 831 3770 illi
837 3712 947 3790 praellae
961 3716 1006 3774 vel
1021 3733 1141 3793 quacum
1156 3722 1257 3795 utpote
1270 3714 1380 3799 ἑταίρᾳ,
1395 3716 1494 3793 amica,

336 3828 456 3870 menore
470 3809 601 3870 maluerit
610 3830 696 3889 quam
709 3832 773 3872 cum
787 3814 893 3893 amicis,
902 3816 947 3875 vel
961 3820 1040 3897 cujus
1052 3816 1268 3877 familiaritatem
1282 3822 1369 3895 atque
1379 3836 1494 3877 suarem

335 3929 418 3969 usum
441 3910 555 3971 omnino
575 3912 719 3989 praeferre
745 3913 793 3972 isti
810 3917 937 3977 eonvivio
953 3919 1030 3979 usum
1050 3926 1103 3979 est.
1146 3920 1204 3979 Alii
1226 3919 1321 3997 aliter,
1344 3938 1416 3996 quos
1431 3921 1512 3997 jure·

335 4012 449 4073 velicat
464 4013 623 4077 Duceriuu.
666 4016 712 4077 De
724 4018 825 4098 puellis
838 4020 1009 4095 quibusdam
1020 4041 1126 4083 coenae
1138 4021 1273 4081 adhibitis
1295 4023 1331 4082 ci.
1348 4021 1437 4084 Orell.
1455 4021 1494 4081 ad

270 4154 273 4159 ,
337 4114 397 4178 od.
413 4115 449 4190 1,
470 4115 530 4194 36,
553 4119 604 4182 13.
626 4115 664 4199 4,
687 4120 738 4183 11.
756 4120 869 4181 Dissen.
883 4122 921 4180 ad
937 4120 1004 4182 lib.
1017 4124 1054 4201 1,
1076 4122 1110 4201 ὃ,
1132 4122 1184 4185 66.
1208 4124 1377 4201 6,17.sq.

420 4214 456 4276 V.
476 4218 527 4280 28.
550 4220 602 4285 29.
623 4222 707 4281 heae
723 4232 820 4281 est—
832 4242 954 4301 capmc.
1000 4224 1032 4284 ln
1047 4224 1218 4282 sententiam
1230 4223 1377 4287 Plutarch.
1395 4228 1495 4304 Symp.

336 4316 536 4399 o‚5.(v111.
557 4340 587 4400 p·
605 4325 680 4385 701.
702 4322 757 4401 R.)
777 4314 821 4387 riv
844 4318 937 4407 [χώρα
956 4323 1008 4387 καὶ
1030 4320 1128 4405 τόπος]
1153 4324 1205 4387 roci
1227 4321 1270 4407 psi
1291 4326 1495 4407 κεκλημένοις,

337 4412 399 4479 o’lt'
421 4419 605 4486 ἔπελθοῦσιν
625 4418 803 4507 αὐτομάτως
821 4425 919 4502 ξένοις
946 4426 998 4490 soi
1019 4420 1189 4510 ἀλλοτρίοις
1208 4427 1269 4491 ciel
1290 4443 1495 4509 παρεσκευασ-

336 4519 433 4603 μένην
448 4515 610 4601 ἅφθὸνίαν
622 4521 771 4611 ὑπάρχειν
787 4530 842 4595 δεῖ.
862 4530 894 4589 Si
912 4530 987 4595 Hor.
1002 4529 1116 4593 nimium
1134 4528 1313 4595 umbrorum
1325 4530 1376 4611 (de
1393 4528 1496 4608 quibus
