3450 5334
238 522 282 587 89
346 518 632 585 CObsslENTlel
650 520 696 583 IN
716 519 885 584 nostru
905 520 982 583 LlB.
996 522 1018 582 l.
1033 520 1158 583 EPIST.
1173 518 1284 583 SEPT.
1329 518 1392 586 881

234 721 345 789 parm
364 708 429 769 sit.
453 712 483 787 1,
505 706 537 788 4,
560 711 643 786 127,
664 710 685 768 i.
699 728 727 770 e.
749 708 943 788 „valetudinis
965 728 1051 770 oense
1075 709 1151 769 domi
1174 729 1220 771 me
1241 711 1393 771 continebo

239 820 354 893 tempus
374 811 500 891 legendo
523 810 669 871 fallens.“
711 812 816 873 Utrum
835 812 973 873 Horatius
994 811 1051 871 boc
1071 812 1162 891 frigus
1183 815 1321 873 vitaturus
1349 817 1394 873 fe·

240 919 312 977 oerit
332 936 388 977 neo
406 935 462 994 ne,
498 936 534 977 ex
554 913 643 975 verbo
668 924 840 973 somenae
860 916 992 994 quidem,
1029 914 1106 993 quod
1127 914 1171 971 vel
1203 914 1232 973 in
1253 914 1395 991 publicum

240 1020 405 1102 prodeunti,
423 1018 469 1079 vel
486 1019 603 1079 liberius
623 1019 741 1095 vegenti
758 1018 961 1096 remissiusque
979 1015 1173 1077 obambulanti
1192 1017 1287 1095 Epist.
1311 1022 1342 1095 2,
1363 1021 1395 1094 2,

241 1123 295 1187 80.
317 1124 419 1201 jocose
447 1124 619 1202 opponitur,
656 1122 732 1181 effici
755 1122 864 1201 nequit.
908 1120 1044 1181 Similiter
1064 1117 1182 1177 Lneien.
1206 1118 1321 1197 Nigrin.
1346 1119 1396 1183 18.

243 1223 397 1308 οἰκουρεῖν
418 1220 558 1304 εἱλόμην,
597 1225 652 1289 καὶ
672 1224 742 1307 βίον
760 1219 830 1287 τινὰ
850 1226 960 1286 τοῦτον
989 1214 1164 1304 γυναικώδη
1192 1220 1243 1283 καλ
1265 1220 1397 1303 ἄτολμον

241 1332 306 1401 τοῖς
326 1330 450 1400 πολλοῖς
472 1328 621 1390 δοκοῦντα
641 1322 872 1412 προτιθέμενος,
893 1319 973 1411 αὐτῇ
993 1322 1162 1408 φιλοσοφίᾳ
1184 1323 1236 1385 nol
1251 1322 1398 1388 Πλάτωνι

241 1424 295 1490 sol
316 1422 450 1514 ἄληθιλμ
473 1434 641 1515 προολαλμῖ.
684 1428 754 1490 Aliis
775 1436 872 1489 nutem
892 1429 974 1487 nimis
993 1428 1075 1487 enrie
1096 1446 1123 1484 v.
1140 1437 1309 1486 contractem
1329 1448 1397 1508 pre-

241 1530 385 1591 mentibus
405 1529 498 1592 Poete
521 1533 637 1611 frigoris
660 1535 747 1593 etiem
773 1532 910 1592 levissimi
937 1530 1045 1589 vitandi
1065 1547 1151 1587 cause
1169 1530 1297 1590 vestibus
1315 1532 1398 1589 inro-

242 1632 321 1694 lutus
342 1642 387 1712 et,
409 1634 479 1694 dnm
499 1634 648 1694 commode
668 1634 751 1714 legit,
773 1642 937 1697 conuentus
959 1632 1035 1712 (Set.
1058 1634 1089 1708 2,
1111 1634 1144 1708 7,
1165 1630 1232 1711 60.)
1254 1638 1283 1692 et
1304 1633 1398 1691 incur-

244 1744 338 1811 vatus,
361 1735 689 1815 immergerem,
710 1758 768 1817 eng
785 1734 1127 1814 msemmengeschmiegt
1140 1732 1265 1813 (Voss),
1287 1734 1333 1793 hic
1347 1737 1399 1793 de-

244 1838 332 1898 scribi
358 1838 478 1898 ridetur.
538 1838 622 1899 Hanc
648 1841 912 1919 interpretationem
939 1843 1055 1917 praeter
1082 1836 1153 1896 alios
1180 1834 1277 1895 sobrie
1304 1840 1400 1895 tuetur

250 1939 383 2000 Orelliue
403 1938 496 1998 allatis
511 1939 677 2019 Hieronym.
697 1941 751 2021 Ep.
768 1942 819 2006 58
842 1944 880 2002 de
900 1941 1067 2019 vigilantio:
1085 1940 1268 2019 gravissimo
1281 1938 1401 2017 frigore

244 2042 328 2101 soluo
347 2052 439 2121 utque
460 2051 630 2101 contractus
651 2044 877 2101 Dominum
897 2040 1040 2123 vigilabit
1059 2043 1093 2099 in
1112 2040 1220 2099 lectulo
1240 2046 1270 2100 et
1290 2042 1327 2110 Q.
1345 2042 1402 2101 Se-

246 2152 322 2205 otun,
365 2145 428 2205 Sat
451 2147 489 2221 1,
512 2145 551 2223 6,
574 2146 621 2207 6.:
644 2145 742 2225 Juque
762 2166 873 2203 marem
893 2148 976 2204 versit
996 2148 1084 2203 tritus
1105 2144 1142 2202 do
1164 2164 1245 2203 more
1265 2142 1401 2215 libellum,

247 2246 359 2305 Nescio
379 2246 456 2326 quid
468 2266 637 2326 nugarum,
658 2256 889 2326 contractusque
902 2248 1038 2328 legebam
1045 2270 1059 2321 ,·
1080 2246 1169 2305 Nam
1182 2266 1248 2303 rore
1260 2256 1401 2305 auctum-

247 2350 283 2406 m‘
308 2351 524 2429 momtinisque
542 2352 664 2428 pruinis
683 2350 849 2430 Frigidulo
876 2348 1014 2409 intrabat
1038 2348 1119 2408 mate
1139 2358 1239 2407 sartae
1259 2370 1337 2407 aura
1349 2349 1403 2427 se-

247 2461 375 2509 nestrae.
418 2452 500 2511 ldem
516 2451 563 2512 vel
578 2454 670 2514 simile
688 2456 757 2533 quid
773 2456 901 2514 sentiunt
917 2454 1131 2523 Britannicus,
1151 2450 1313 2523 Zurobrios,
1332 2452 1404 2509 Da-

247 2556 358 2625 oen'uo,
384 2553 536 2614 Gom
556 2563 587 2616 et
606 2556 756 2615 Kiireber.
779 2559 810 2616 in
824 2558 988 2618 Zimmerm.
1002 2553 1216 2632 „Zeitscltrist“
1233 2560 1292 2612 etc.
1313 2553 1404 2616 1836.

247 2656 290 2716 Ν.
314 2656 365 2720 19.
388 2677 419 2735 p·
441 2655 513 2721 158.
557 2657 669 2719 Contra
690 2658 844 2719 Groebelrb
866 2670 958 2719 contr.
982 2657 1079 2737 legere
1099 2657 1202 2715 dicitur
1222 2657 1266 2733 is,
1288 2658 1336 2733 qui
1359 2654 1406 2714 vel

248 2761 327 2819 omni
355 2766 386 2819 et
409 2764 470 2822 vite
498 2767 529 2819 et
552 2764 630 2821 victu
647 2764 760 2839 parcius
781 2763 849 2821 vivit
869 2762 959 2841 (idem
980 2762 1086 2838 sentit,
1122 2760 1199 2836 quod
1219 2758 1285 2817 olim
1304 2760 1336 2817 in
1356 2757 1404 2817 ed.

247 2860 387 2922 Sebmidii
405 2879 625 2940 proposueram,
646 2862 817 2920 brandus
836 2863 866 2920 in
881 2860 979 2923 Leric.
998 2862 1049 2921 let.
1068 2862 1097 2921 b.
1114 2860 1169 2939 v.),
1186 2858 1231 2918 vel
1251 2861 1299 2936 qni
1317 2860 1406 2919 libro-

250 2983 313 3022 rum
333 2962 511 3039 supellectile
532 2971 562 3023 et
582 2964 741 3023 studiorum
761 2964 872 3023 ratione
898 2961 1160 3042 (eontraetzbribue
1180 2961 1306 3033 studiis,
1343 2962 1404 3021 (510.

251 3064 334 3125 Coel.
355 3065 423 3144 81.)
442 3064 588 3126 literarum
609 3067 727 3142 studiis,
748 3066 948 3146 philosophiae
966 3068 1165 3146 potissimum,
1187 3067 1333 3125 remissius
1353 3084 1404 3125 vu-

251 3175 310 3245 eat,
328 3170 449 3227 remisso
465 3167 514 3228 illo
536 3168 650 3245 ardore,
671 3189 728 3247 qno
749 3171 787 3227 ed
808 3187 873 3228 eum
891 3186 924 3227 se
939 3169 1049 3229 incitari
1067 3170 1217 3247 professus
1239 3175 1302 3228 erat
1323 3172 1353 3247 1,
1376 3171 1406 3247 1,

252 3270 292 3331 11
307 3287 374 3347 sqq.
417 3267 463 3328 Ab
485 3271 539 3330 beo
557 3272 794 3350 interpretatione
814 3291 874 3330 non
891 3270 1013 3331 multum
1034 3272 1185 3330 discedunt
1204 3270 1356 3351 Cmquius
1376 3278 1407 3333 et

250 3369 449 3429 Foroellinrise
469 3370 581 3452 (Lexic.
602 3373 653 3434 let.
674 3374 704 3435 b.
725 3372 780 3453 v.)‚
807 3374 912 3454 quibus
934 3384 1027 3441 oontr,
1048 3372 1109 3453 leg.
1135 3382 1182 3432 est
1202 3392 1320 3453 percum
1342 3394 1408 3435 esse

250 3473 281 3534 in
299 3471 433 3552 legendo.
475 3476 589 3539 Rursus
608 3477 658 3537 ulii
676 3476 838 3556 intelligunt
857 3484 1012 3555 augustum
1033 3474 1202 3554 cubiculum,
1223 3474 1269 3534 vel
1283 3477 1408 3535 animum

250 3664 298 3720 elie
315 3666 405 3721 Kriste
421 3684 477 3722 von
496 3668 570 3723 θεοῖο
586 3670 659 3723 kens
679 3668 723 3723 iob
740 3668 836 3723 (limen
849 3668 992 3724 Ansdruok
1010 3667 1095 3723 sebon
1112 3667 1205 3721 (lurum
1222 3665 1299 3721 nieht
1315 3664 1408 3720 berie-

251 3750 316 3820 ben,
329 3753 393 3807 weil
407 3753 500 3808 llores
514 3754 579 3809 ‹lort
593 3755 655 3809 dem
667 3754 802 3809 runberen
815 3755 906 3809 Klims
920 3754 970 3809 ‹lsr
986 3752 1169 3809 Albanisehsn
1184 3753 1285 3821 Berge,
1301 3752 1362 3805 ‹lem
1376 3767 1409 3804 er

252 3835 323 3890 ‹loeb
337 3838 461 3893 ottenber
474 3840 606 3895 wibrend
619 3842 669 3895 (les
681 3840 806 3894 W'mters
819 3839 879 3894 siolr
897 3840 1041 3894 entsiebsn
1062 3839 1136 3905 will,
1163 3837 1323 3892 schwerliclr
1338 3852 1410 3905 gens

253 3926 409 3992 ontgnngen
428 3925 489 3979 sein
509 3925 620 3994 winde,
642 3924 678 3978 oa
692 3926 724 3995 js
740 3924 818 3980 ‹liess
833 3925 951 3995 Gegsnd
966 3924 1016 3978 mit
1034 3926 1087 3979 (len
1103 3923 1285 3977 Albeniseben
1299 3922 1409 3992 Bergen

251 4008 309 4063 fut
328 4007 358 4060 in
377 4008 509 4077 gleiebem
529 4011 712 4081 Breitegreds
732 4011 803 4082 liegt
822 4012 878 4065 und
900 4012 949 4065 der
963 4010 1084 4065 Eintlnss
1104 4010 1153 4064 (les
1173 4008 1284 4063 Meeres
1300 4010 1349 4061 auf
1364 4008 1409 4061 ‹lie

254 4093 439 4164 Temperatur
457 4095 507 4149 ‹ler
521 4095 590 4149 uun
607 4096 676 4151 doch
693 4098 766 4151 wobl
786 4096 863 4151 nieht
876 4114 907 4151 so
922 4096 1079 4151 bedeutend
1091 4112 1168 4163 wer,
1193 4094 1257 4149 dass
1281 4110 1341 4147 men
1361 4110 1409 4147 su-

253 4177 368 4233 nebmen
384 4179 501 4249 kinnts,
518 4181 612 4237 Horu
628 4184 700 4237 bebo
714 4183 842 4237 dessbtlb
859 4182 996 4236 lieberto
1012 4182 1110 4249 Ostia,
1132 4181 1173 4233 tls
1190 4180 1220 4235 in
1236 4179 1297 4233 ‹lom
1315 4179 1406 4249 ποιοῖς

253 4266 409 4318 entier-oben
424 4264 514 4321 Tibur
527 4267 580 4323 oon
594 4268 704 4322 Wintsr
717 4268 867 4339 subringen
889 4268 998 4323 vollen.
1041 4268 1116 4321 Aneb
1134 4268 1172 4320 ist
1188 4267 1219 4336 js
1237 4268 1315 4319 ronst
1331 4265 1408 4319 niebt

252 4350 384 4418 bekannt,
400 4350 464 4406 dese
479 4352 529 4406 ‹ler
544 4353 658 4409 Dichter
672 4354 718 4409 ttir
733 4354 780 4408 dio
795 4354 913 4425 Gegend
926 4370 980 4407 von
998 4353 1080 4406 Ostis
1092 4350 1153 4405 eine
1171 4350 1325 4405 besonolere
1335 4352 1410 4404 Vor-

253 4434 327 4491 liebe
347 4436 449 4507 gebsbt
467 4439 567 4494 bebs.“
610 4440 659 4495 sie
672 4440 723 4494 Vir
743 4440 799 4494 illo.
842 4440 881 4495 At
902 4439 1046 4493 Calabrum
1063 4437 1199 4506 hospitem
1216 4436 1281 4490 mibi
1299 4437 1410 4507 quidem

253 4522 335 4579 telem
350 4522 427 4591 tinxi,
446 4526 539 4594 quales
553 4526 665 4581 sudium
680 4527 754 4599 spud
764 4526 960 4595 Francogsllns
980 4524 1042 4595 ,les
1053 4522 1244 4593 Guoogneef‘
1263 4524 1337 4595 spud
1355 4537 1409 4578 nos

254 4608 321 4664 boni
336 4608 378 4663 illi
390 4609 469 4681 -i,
486 4628 546 4668 uem
563 4613 687 4686 exemplo
702 4618 768 4669 sunt
785 4612 891 4667 odiose.
