3450 5334
210 563 253 627 66
340 560 683 625 ΟΟΜΜΕΝΤΔΒΙΙΙΝ
693 560 860 627 nouum
872 562 980 625 LlB.l.
1001 563 1253 629 EPIST.SEXT.
1312 560 1376 629 337

211 767 348 828 ronymns
368 750 399 809 in
412 747 644 833 Apologia-cdv.
662 752 757 811 Jovin.
779 752 827 811 ed.
845 750 929 811 Frlrl.
950 760 980 813 et
999 750 1081 833 Lips.
1105 751 1197 818 1684.
1217 752 1255 813 Il.
1276 773 1307 833 p.
1321 754 1374 817 76.

210 852 260 931 Ε.,
281 852 330 911 ubi
348 852 485 911 Erasmus
505 872 537 931 p.
559 834 836 945 ⁷8·⁵N;3·.W
847 853 962 933 quidem
983 854 1112 914 confert:
1137 856 1174 913 Si
1193 866 1295 913 nutem
1315 876 1377 913 non

211 955 395 1024 odiscnnnt,
430 954 514 1035 qnod
529 973 551 1013 a
571 974 619 1011 mr
638 956 829 1032 proponitum
848 952 1035 1027 mxselint
1053 956 1169 1028 nolint,
1204 958 1375 1035 europiam.

211 1057 284 1117 Ant
297 1058 404 1137 pmfer
426 1056 561 1115 nulium
578 1056 699 1134 epulas,
719 1065 749 1113 et
767 1075 814 1112 nie
833 1057 963 1115 conviva
983 1066 1065 1113 oceri
1086 1068 1142 1117 out
1162 1058 1377 1139 qualicuquw

213 1170 317 1219 nostro
329 1159 456 1219 coenula
470 1168 624 1217 contentus
645 1169 716 1216 osto.
760 1158 896 1217 Horatius
916 1164 1011 1217 nutem
1031 1160 1061 1217 in
1082 1157 1135 1218 hnc
1155 1162 1220 1239 ipsu
1240 1160 1376 1237 clausula,

211 1264 242 1321 in
265 1281 322 1341 qun
341 1262 379 1320 nd
398 1262 561 1321 Numicium
580 1262 671 1338 redit,
696 1280 778 1319 suum
797 1263 925 1339 sequitur
945 1262 1103 1338 ingenium,
1126 1266 1204 1341 quod
1223 1284 1277 1343 pro
1298 1266 1376 1323 varin

211 1362 364 1440 hominum,
385 1363 424 1422 nd
444 1382 517 1441 quos
538 1360 644 1435 scribit,
664 1364 825 1422 conditione
849 1362 895 1421 hic
916 1362 1021 1440 aliquid
1041 1362 1128 1425 habet
1147 1367 1294 1443 gravitatis
1306 1367 1375 1443 joco

211 1466 364 1526 immixtae.
408 1464 456 1523 Cl'.
477 1474 575 1527 annot.
599 1469 637 1527 ed
656 1467 750 1545 Epist.
785 1470 823 1544 1,
857 1466 893 1541 1,
931 1466 1003 1528 106.
1027 1469 1065 1547 2,
1095 1467 1148 1531 70.
1192 1468 1375 1546 Quapropter

211 1568 342 1627 Docerii
362 1575 392 1628 et
416 1566 576 1627 &oodoni
592 1568 779 1649 philosophus
801 1571 840 1628 de
866 1569 922 1629 hoc
945 1570 1010 1629 loco
1035 1572 1193 1631 sententias
1217 1588 1311 1647 neque
1330 1569 1375 1627 ni-

210 1670 325 1730 firmnre
350 1688 445 1749 neque
471 1670 602 1731 refellere
630 1672 660 1729 in
684 1674 777 1729 nnimo
803 1678 858 1730 eet.
901 1672 1074 1731 Boudorius
1094 1674 1176 1749 quasi
1197 1668 1231 1734 lv
1249 1668 1376 1756 παρόδῳ

210 1774 321 1834 addidit
342 1772 429 1833 hoec:
467 1773 572 1851 „Tons
597 1774 640 1833 les
660 1771 832 1851 interprites
854 1794 887 1833 se
909 1778 1100 1856 persuadent,
1128 1792 1184 1851 que
1205 1773 1267 1833 celn
1287 1794 1306 1833 n
1329 1778 1376 1835 e‘td

211 1876 254 1936 dit
283 1896 380 1954 ‚„‚cu
404 1894 438 1935 se
464 1876 662 1955 moquant““
688 1874 771 1952 [hoec
793 1874 883 1934 verba
908 1884 975 1937 suut
996 1876 1109 1937 Decerii
1137 1878 1175 1937 od
1199 1896 1226 1933 v.
1251 1877 1304 1938 66.
1328 1876 1377 1933 νὶ-

210 1999 267 2039 var
290 2012 335 2025 -
350 1978 511 2058 jocisque}
563 1978 639 2037 uois
664 1976 726 2035 cela
746 1983 791 2036 est
812 1976 898 2055 place
923 1999 960 2038 en
983 2000 1022 2039 un
1039 1979 1151 2038 endroit
1173 1984 1203 2037 et
1226 1979 1268 2038 dit
1290 1981 1376 2037 d’uue

210 2081 335 2142 mnniire
358 2082 406 2158 qui
427 2079 564 2159 empiche
589 2080 626 2138 de
652 2078 681 2137 le
706 2080 815 2151 ποίης
851 2088 881 2141 et
906 2081 967 2140 cela
995 2082 1124 2141 d'autant
1146 2080 1212 2159 plus
1236 2080 1304 2158 qu'il
1326 2082 1376 2139 sair

211 2183 359 2243 connsitre
378 2201 433 2261 par
456 2181 485 2240 ln
506 2180 687 2257 conclusion,
710 2201 766 2259 que
787 2180 859 2242 c'est
881 2202 915 2241 su
935 2184 1060 2242 muniere
1082 2184 1200 2243 devie:
1221 2182 1275 2241 His
1296 2188 1377 2242 utere

210 2305 332 2349 mecum.
374 2283 415 2343 Et
433 2284 529 2361 quand
547 2282 568 2341 il
592 2302 629 2341 ne
649 2283 733 2342 diruit
755 2301 820 2361 pos,
841 2286 890 2362 qui
907 2304 945 2344 ne
966 2286 1022 2343 snit
1044 2302 1100 2361 que
1121 2283 1193 2343 c'est
1215 2286 1287 2343 ainsi
1308 2284 1377 2363 qu'il

211 2390 341 2468 npnsse
360 2392 441 2446 toute
466 2404 500 2444 se
519 2382 615 2443 viei“
649 2382 689 2443 At
711 2386 774 2461 quis
796 2391 859 2462 est,
894 2386 942 2464 qui
965 2405 1024 2445 non
1045 2386 1158 2463 videat,
1192 2386 1294 2445 verba:
1328 2386 1377 2445 hio

211 2500 294 2550 utere
307 2508 424 2547 meeum
437 2490 475 2546 nd
488 2494 579 2547 totum
592 2488 629 2546 de
643 2506 753 2545 summo
774 2486 852 2545 bono
874 2489 1097 2567 disputationem
1116 2486 1268 2548 reserenda
1287 2487 1377 2549 essei

210 2593 305 2653 Recte
334 2592 518 2669 Campenon:
554 2589 615 2665 „Si
639 2608 711 2647 vous
737 2592 908 2649 connaissen
943 2611 982 2650 un
1010 2589 1137 2649 meilleur
1168 2590 1293 2668 systime
1321 2612 1377 2669 que

211 2695 337 2771 celui-ci,
361 2694 445 2752 faites
465 2689 543 2750 m'en
561 2698 628 2769 port
651 2710 722 2749 avec
746 2692 913 2751 lmnchise“
928 2700 983 2752 etc.
1026 2693 1093 2751 Nec
1113 2692 1244 2750 conferre
1266 2692 1377 2770 pigebit

210 2796 315 2857 noctu.
339 2794 457 2854 Consol.
478 2792 581 2872 philos.
605 2794 636 2855 3.
659 2792 743 2851 Pros.
766 2798 797 2859 2.
822 2814 852 2871 p.
880 2794 931 2855 51.
956 2792 1017 2873 (cd.
1039 2791 1136 2870 Lugd.
1162 2794 1229 2854 Bet·
1263 2794 1376 2873 1656):

210 2897 318 2957 Habes
334 2898 429 2977 igitw
448 2906 519 2954 ante
533 2894 635 2954 oculor
649 2896 839 2973 propositam
850 2894 922 2973 jero
933 2893 1073 2971 fornoum
1086 2892 1247 2972 selr'citatw
1266 2894 1376 2955 iuma-

211 3017 289 3071 παι,
310 3017 400 3076 oper,
422 2998 567 3071 honores,
580 2998 769 3078 mundam,
789 2994 944 3076 gloriam,
964 2994 1141 3073 voluptates.
