3450 5334
351 488 416 554 252
449 490 738 555 commun
751 488 978 553 ΙΝΗΟΒΔΤΙΙ
989 486 1066 553 LlB.
1082 489 1109 551 l.
1135 489 1262 553 arur.
1277 492 1421 566 QUlN‘l'.
1470 498 1514 563 62

351 682 417 741 Juv-
434 680 471 759 5,
491 678 665 743 8511111-
681 680 812 737 Ponitur
829 680 941 758 exigua
953 676 1070 757 semim
1085 696 1180 737 coena
1188 680 1320 758 patella.
1365 680 1512 742 Aliaatl'c-

350 788 418 842 runt
433 781 540 843 Heind.
555 781 592 841 ad
612 780 675 845 Sat.
691 782 728 859 2,
750 782 787 858 2,
808 779 862 844 39.
892 775 932 858 4,
952 782 1006 845 77.
1028 778 1153 842 Schmin
1167 783 1206 841 ad
1223 781 1331 843 lutet
1345 783 1455 845 Hautlr.
1470 784 1512 843 ad

349 880 431 945 Pers.
448 882 485 959 2,
506 877 558 945 42.
586 904 617 963 p.
635 878 708 945 144.
729 914 774 928 -·
793 881 861 941 oluc
879 902 967 941 omne
988 882 1034 942 vel
1057 882 1304 963 „qualecumque
1313 926 1325 955 ,
1355 886 1512 966 interprete

350 984 444 1045 Schol.
461 984 570 1062 Crnq.,
590 996 625 1043 ut
647 984 745 1043 dicere
758 984 889 1043 solemus
910 1004 966 1042 nor
985 1004 1047 1043 uon
1067 1005 1154 1043 omns
1173 986 1280 1044 vinum
1298 984 1440 1059 bibers‚“
1463 988 1510 1047 vel

350 1087 442 1149 omnis
465 1086 594 1165 generis,
612 1091 647 1145 ut
667 1086 729 1151 Cic.
750 1085 844 1166 Epist
862 1087 903 1149 ad
914 1086 979 1148 niv.
1000 1089 1040 1164 7,
1060 1087 1119 1166 26,
1139 1085 1172 1150 5.
1189 1087 1306 1166 fungos
1314 1130 1328 1159 ‚
1347 1088 1511 1159 mellae,

349 1187 460 1248 herbas
475 1208 577 1247 omnes
586 1192 631 1247 ila
646 1189 810 1259 condiunt,
831 1200 867 1248 ut
881 1188 963 1247 nihil
972 1189 1072 1266 possit
1081 1208 1143 1247 saus
1157 1192 1293 1249 emotus.
1314 1188 1363 1248 Sic
1375 1190 1510 1269 Xenopt.

350 1290 388 1349 de
404 1289 479 1369 nep.
494 1288 601 1349 Athen·
613 1292 643 1369 2,
660 1291 691 1353 8.
714 1286 803 1370 φωνὴ
817 1293 904 1354 unius
915 1295 947 1349 et
963 1288 1075 1367 Evaug.
1089 1290 1196 1351 uatu.
1209 1288 1241 1371 4,
1259 1291 1309 1356 23.
1324 1284 1510 1371 θωπεύων

349 1397 452 1455 πᾶσαν
473 1388 567 1455 νόσον
587 1390 639 1453 sci
658 1395 762 1456 πᾶσαν
780 1392 941 1473 pulcrius.
969 1391 1102 1450 Bolluuo
1115 1398 1221 1471 antem,
1231 1390 1405 1469 trecanum,
1420 1390 1510 1452 Lam·

348 1494 467 1571 binam,
493 1493 669 1571 Crnquinm,
690 1493 762 1553 alios
777 1499 906 1555 secutus:
927 1495 990 1572 „ita
1008 1501 1042 1552 ut
1056 1492 1126 1553 nihil
1138 1494 1293 1571 relinquas,
1315 1494 1367 1552 sed
1386 1509 1421 1551 eo
1444 1492 1508 1552 solo

350 1598 413 1657 cibo
439 1596 569 1673 satefis,
598 1612 665 1653 nam
687 1595 757 1655 nihil
774 1602 890 1675 praeter
908 1596 972 1656 olus
991 1595 1043 1654 tibi
1072 1613 1231 1673 apponam,
1251 1613 1305 1653 nec
1321 1596 1400 1653 varis
1419 1612 1510 1655 mena

349 1699 460 1759 unam
479 1702 530 1756 tua
550 1696 684 1774 fastidia,
713 1703 747 1756 nt
772 1717 835 1758 mas
859 1699 982 1777 agrestis
1000 1697 1111 1774 Sata,
1132 1697 1171 1774 6,
1193 1697 1267 1760 86ss
1308 1696 1350 1758 At
1367 1698 1432 1775 quis
1452 1706 1509 1777 est,

349 1799 400 1878 qui
421 1798 550 1874 afficiat,
570 1796 600 1855 iu
618 1796 668 1855 tali
688 1816 776 1879 saepe
797 1818 828 1859 re
846 1802 935 1861 etiam
955 1821 974 1861 a
992 1797 1167 1859 nostratibus
1178 1798 1271 1857 minus
1280 1800 1421 1878 promitti,
1442 1800 1508 1881 plur

349 1897 480 1981 apponit
522 1897 618 1977 Quid,
646 1902 724 1978 quod
740 1900 811 1961 lsnti
833 1902 881 1962 isti
903 1902 969 1978 ipsa
989 1900 1067 1961 olera
1091 1901 1189 1980 palato
1215 1900 1313 1961 suavia
1338 1903 1509 1981 reddebant,

350 2000 393 2058 uti
405 2006 526 2059 testatur
544 1996 591 2057 ille
607 2000 751 2061 Ciceronis
765 2000 853 2064 locus.
895 2002 996 2063 Varias
1015 2003 1091 2063 horti
1106 2022 1177 2083 opes
1197 2002 1374 2082 inejasmodi
1389 2023 1509 2064 coenam

349 2102 452 2163 allatas
469 2107 668 2161 commemorat
691 2100 830 2163 Martialis
853 2105 909 2182 10,
929 2102 988 2182 48,
1008 2106 1124 2168 7—10.
1164 2106 1300 2164 Ceterum
1321 2103 1405 2162 oleru
1429 2124 1508 2163 com·

349 2207 442 2266 munis
463 2212 546 2264 erant
564 2202 710 2262 hominum
728 2210 759 2262 et
779 2224 938 2286 pauperum
956 2211 987 2265 et
1006 2206 1159 2285 frugalium
1179 2208 1279 2267 victus.
1321 2206 1387 2267 Vid.
1400 2208 1507 2267 Heiud.

349 2308 389 2369 ad
409 2308 472 2372 Set.
493 2308 529 2384 2,
553 2307 591 2383 1,
613 2300 665 2377 74.
687 2307 724 2382 7,
745 2304 797 2368 30.
829 2304 952 2387 Rapui.
971 2308 1010 2368 ad
1032 2308 1098 2367 Juv.
1122 2309 1181 2386 11,
1206 2309 1259 2371 79.
1281 2310 1383 2369 Stnck.
1406 2308 1508 2387 Anuq.

350 2411 469 2470 Conviv.
495 2410 535 2485 2,
563 2408 593 2470 8.
621 2426 651 2486 p.
669 2407 742 2471 255.
785 2408 960 2487 Comparare
983 2415 1079 2469 antem
1101 2410 1232 2489 juvabit,
1259 2430 1334 2488 qnae
1355 2413 1392 2471 de
1419 2429 1509 2471 coena

349 2511 494 2571 hominum
508 2508 643 2586 divitum,
663 2510 823 2589 lautorum,
843 2509 1059 2573 delicatnlorum
1075 2511 1223 2592 eleganter
1241 2514 1376 2595 exposuit
1390 2513 1507 2572 Beche-

349 2634 404 2671 rus
414 2612 445 2669 in
463 2608 548 2668 Gallo
562 2608 600 2667 ll.
615 2630 644 2689 p.
659 2612 730 2675 115.
745 2631 810 2691 sqq.

435 2712 474 2773 V.
494 2710 526 2774 3.
571 2712 717 2791 Supremo
742 2716 804 2774 sols
834 2718 854 2781 i.
876 2734 902 2776 c.
925 2714 1042 2776 solend
1061 2734 1191 2775 nocam
1209 2720 1362 2793 vugenn,
1382 2714 1507 2775 nuncu

350 2820 472 2897 apparet
485 2832 521 2873 ex
533 2814 594 2891 eins
611 2816 753 2877 mntrario
768 2818 786 2878 i.
801 2836 826 2876 e.
842 2816 905 2874 rclc
913 2818 1015 2894 pruno
1030 2817 1117 2879 nvn.
1131 2818 1205 2879 Met.
1215 2815 1252 2894 9,
1273 2816 1326 2879 93.
1367 2816 1505 2897 Calpurn.

350 2918 411 2979 ιιι.
426 2920 458 2991 a,
470 2918 512 2993 7.,
532 2916 709 2977 uiuamus
723 2926 753 2977 et
767 2918 978 2980 umorem
990 2918 1085 2979 ιιι...
1103 2918 1295 2979 nonaum
1315 2900 1507 2980 mamam

350 3022 397 3081 Cf.
421 3018 524 3081 Lamb.
544 3020 583 3079 ad
609 3020 645 3096 1,
673 3016 712 3098 4,
741 3021 790 3083 13.
833 3022 1019 3100 Quapropter
1038 3021 1058 3079 ii
1081 3040 1176 3083 errare
1194 3022 1317 3101 putandi
1342 3029 1426 3101 sunt,
1456 3024 1507 3101 qui

350 3144 433 3202 supr.
447 3122 539 3181 colem
548 3117 711 3197 intelligunt
726 3119 910 3199 altissimum,
931 3123 1009 3200 quod
1023 3129 1136 3205 tenpus
1154 3124 1184 3182 in
1198 3122 1327 3183 homines
1338 3122 1452 3183 libmim
1464 3125 1506 3182 vi-

349 3232 448 3285 ventes
468 3222 617 3298 mavelit,
639 3220 687 3298 qui
704 3222 742 3279 ds
758 3222 807 3281 dle
825 3211 955 3283 coenare
969 3228 1111 3285 dieantur.
1152 3225 1251 3301 Atque
1273 3225 1351 3285 hand
1368 3225 1446 3304 scio,
1467 3246 1505 3285 aa

349 3328 380 3387 in
402 3324 485 3385 simili
502 3340 596 3383 errore
619 3334 748 3385 versetur
764 3327 974 3405 Haberselmu
982 3370 994 3399 ,
1020 3345 1110 3404 quum
1133 3346 1236 3387 nonam
1251 3325 1368 3402 horam,
1389 3348 1448 3405 qua
1458 3348 1505 3387 ao·

349 3428 481 3489 cumbere
492 3425 569 3486 soliti
588 3431 656 3484 sunt
666 3424 790 3488 Romani
802 3428 937 3510 (Becker.
954 3431 994 3489 ad
1007 3428 1083 3488 Gall.
1101 3428 1142 3487 11.
1158 3450 1189 3509 p.
1206 3425 1300 3507 138),
1318 3429 1504 3507 significatam

350 3532 494 3611 opinatur.
538 3526 648 3587 Accidit
670 3530 744 3589 enim
764 3548 866 3611 saepe,
895 3537 928 3591 ut
951 3530 1080 3591 homines
1103 3530 1246 3608 negotiosi
1273 3530 1437 3606 nemorique
1458 3530 1504 3589 vel

349 3632 405 3692 alia
418 3648 503 3691 cansa
515 3628 687 3708 interpellati
701 3637 787 3709 atque
801 3632 924 3710 permoti
937 3632 1000 3693 sole
1015 3633 1129 3692 demum
1150 3632 1312 3709 occidente,
1331 3632 1411 3707 quod
1429 3631 1504 3691 bene

348 3732 496 3814 perspexit
506 3728 665 3791 Scholiasta
676 3731 778 3811 Ornq,
793 3742 962 3809 coenarent3
979 3735 1011 3794 iu
1023 3738 1166 3793 testantur
1177 3732 1336 3813 complures
1347 3733 1412 3809 lod,
1429 3752 1504 3811 qnos

349 3834 463 3911 collegit
486 3830 729 3892 Wuomnnuo
752 3836 791 3895 ad
817 3833 1158 3914 ,ΡαΙιιιΐ(1(ἰ8οιιιιιιιι66
1178 3853 1207 3914 p·
1228 3832 1301 3899 254.
1325 3833 1367 3893 N.
1382 3834 1413 3899 5.
1456 3836 1506 3895 Sic

349 3934 487 3997 Horatius
506 3934 569 4015 ipse
590 3933 647 3993 sub
670 3935 789 3994 lamina
809 3940 914 4014 prima
933 3936 1180 3997 ndMsecffltnm
1201 3944 1320 3996 vocatur
1333 3937 1398 3997 Sat·
1413 3938 1452 4015 2,
1472 3940 1505 4015 7,

349 4040 403 4102 33.
448 4038 543 4108 Quam
564 4036 603 4097 ob
624 4054 684 4097 rem
704 4036 796 4098 Poeta
811 4040 867 4099 rub
887 4057 1039 4121 vesperum
1056 4034 1210 4097 instituerit
1225 4054 1360 4115 eoem,
1378 4038 1506 4097 indicant

354 4140 551 4201 Welnndiua
562 4136 592 4197 N
596 4180 603 4195 .
622 4140 652 4203 2.
667 4144 698 4198 et
716 4140 899 4201 Sclmldiuc.

434 4242 472 4301 V.
492 4240 524 4304 4.
542 4240 574 4303 5.
626 4242 709 4301 Vina
726 4274 770 4287 -
788 4244 958 4303 Petrinum.
1003 4242 1078 4301 Vina
1094 4237 1181 4315 igitau
1202 4256 1238 4297 ex
1259 4236 1344 4298 doliis
1367 4240 1398 4299 in
1418 4240 1506 4299 cados

349 4350 381 4402 et
401 4343 554 4422 amphorae
570 4345 716 4407 nansfnsa
736 4350 819 4404 erant
842 4346 880 4410 T.
899 4343 1015 4404 Stan'lio
1034 4341 1131 4403 Tauro
1141 4340 1181 4401 11.
1198 4359 1263 4399 urm
1279 4340 1413 4421 Angusto
1425 4341 1506 4406 Vlll.

350 4462 409 4506 cor.
425 4464 451 4503 a.
470 4464 499 4507 u.
512 4466 536 4503 c
550 4448 625 4512 728.
640 4454 729 4525 atque
746 4447 812 4506 hinc
833 4448 960 4525 quinque
974 4446 1020 4505 vel
1036 4463 1087 4505 sex
1107 4462 1259 4517 annonun3
1280 4445 1352 4505 talia
1364 4444 1508 4504 lamison-

350 4544 404 4603 bus
415 4544 511 4605 amicis
521 4564 666 4627 apponere
677 4564 770 4629 neque
782 4552 910 4613 sordium
919 4566 1014 4629 neque
1025 4552 1126 4611 sonna
1136 4546 1269 4609 decorum
1281 4553 1354 4610 erat.
1396 4546 1426 4607 A
1437 4564 1509 4609 con·
