3450 5334
342 531 385 598 5⁰
450 534 730 597 consumor}
753 539 794 594 111
817 537 981 595 nonem
1001 525 1132 595 srrs'r.
1154 535 1359 596 1111111111.
1380 540 1405 595 1.

344 709 406 766 rio:
429 708 492 766 His
501 706 671 785 respondet,
685 710 739 787 qui
756 727 776 763 α
796 705 895 764 siradio
909 707 1076 783 saptentiae
1088 705 1264 765 mnsam
1277 717 1391 785 negem
1401 707 1510 786 pesse-

339 799 425 867 volam
439 811 620 888 sapientiam
634 829 806 890 quenquam
822 819 1006 878 associemur,
1024 808 1127 866 dhare
1142 819 1294 866 oonteutos
1307 829 1363 865 uos
1379 828 1441 865 esse
1454 809 1511 866 de-

344 911 411 969 bere
422 911 687 992 quantulocunque
698 923 868 990 praecepto.
914 913 961 970 Eo
976 914 1056 969 euim
1073 914 1178 990 ua’que
1191 912 1349 970 detar'me
1368 931 1431 969 non
1449 914 1511 969 eri·

344 1037 421 1073 mus.
439 1047 482 1060 —
497 1015 532 1073 Si
542 1033 681 1094 usquam,
695 1011 753 1072 hoo
767 1017 835 1074 looo
848 1014 966 1074 oodioes
977 1035 1038 1072 non
1048 1012 1240 1087 numerandi,
1259 1013 1315 1071 sed
1325 1013 1509 1072 satimuudi

343 1131 425 1178 sunt.
472 1117 585 1178 Oculos
598 1119 680 1174 euim
695 1116 882 1190 contendere,
912 1115 1019 1196 (cujus
1042 1116 1183 1176 dictionis
1208 1117 1349 1196 exemplo
1368 1115 1433 1174 rid.
1457 1135 1509 1196 sp.

344 1224 443 1282 Bentl.
462 1231 491 1280 et
505 1223 539 1278 in
553 1239 621 1278 mes
637 1217 710 1278 edit.
727 1217 770 1300 1.)
792 1219 956 1298 opponitur
969 1221 1016 1293 ei,
1039 1221 1093 1299 qui
1107 1221 1211 1279 ooulos
1227 1218 1374 1299 dispicere
1388 1221 1508 1299 nequit,

345 1329 408 1386 sive
424 1325 508 1402 cujus
522 1323 603 1382 oonli
620 1341 709 1400 segre
724 1339 757 1379 se
773 1319 960 1381 contendunt
975 1319 1110 1399 (linotet.
1122 1318 1154 1396 4,
1169 1319 1263 1400 810),
1280 1319 1363 1401 qood
1376 1320 1459 1379 ondit
1472 1324 1509 1378 in

345 1439 485 1486 naturam
497 1423 702 1506 lippitudinis,
723 1423 771 1504 (v.
786 1422 862 1502 29.)
883 1424 917 1480 in
931 1418 1103 1504 ylupopodc
1120 1417 1323 1504 ὀφθαλμούς,
1345 1426 1399 1504 qui
1415 1442 1509 1502 saepe

344 1533 428 1590 risoo
441 1527 559 1610 gravidi
574 1528 730 1584 rutilantes
745 1527 817 1584 solis
839 1523 939 1583 radios
956 1526 1035 1582 feres
1056 1536 1222 1606 nequeunt.
1265 1526 1318 1584 Sic
1337 1525 1424 1584 Stob.
1438 1525 1508 1582 llol.

347 1635 377 1708 1,
390 1633 444 1696 81.
465 1652 496 1712 p·
518 1631 591 1693 616.
615 1627 662 1688 ed.
682 1631 720 1686 H.
742 1627 775 1690 oi
792 1620 1023 1706 ὀφθαλμιῶντες
1038 1627 1070 1691 di
1089 1632 1178 1691 τοῦτο
1200 1621 1368 1710 πάσχουσιν
1383 1627 1509 1707 (iridem

347 1733 500 1818 quondam
519 1733 678 1814 oemunt),
696 1723 769 1794 ὅταν
783 1729 826 1803 εἰς
840 1728 895 1794 τὸν
908 1724 1021 1811 λύχνον
1037 1724 1262 1811 insinuatis.
1282 1731 1391 1789 Senes.
1408 1733 1509 1810 Epist.

346 1837 400 1901 83.
446 1833 705 1915 Quemadmodum
719 1831 993 1912 diffieilessaoiuut
1006 1833 1108 1889 oculos
1122 1831 1235 1890 damni
1247 1831 1346 1890 morbi
1356 1837 1449 1892 ettam
1464 1835 1512 1892 ad

347 1941 505 1998 urinarum
519 1937 602 1997 radii
615 1937 687 1996 eolis
698 1935 892 2017 offensionem
904 1946 960 1993 eto.
1006 1935 1054 1993 cf.
1072 1931 1196 1993 Ruhnk.
1216 1933 1257 1994 ud
1269 1937 1363 1994 Rutil.
1375 1939 1455 2017 Lup.
1475 1959 1508 2017 p.

347 2043 421 2106 108.
444 2045 523 2102 ilino
539 2043 652 2121 optime
664 2041 806 2100 Vossius:
826 2041 971 2114 „Kannst
987 2035 1029 2096 do
1046 2033 1126 2096 ench
1139 2035 1225 2096 nicht
1239 2035 1431 2120 suborfingig
1446 2038 1508 2098 den

346 2141 436 2204 Bliok
456 2141 671 2204 susdehnen.“
705 2143 764 2216 Qui
780 2151 902 2215 entem,
921 2150 954 2198 ut
968 2141 1045 2215 Fen,
1065 2141 1187 2220 Lynceo
1207 2141 1365 2199 oculorum
1378 2153 1508 2202 oonten-

347 2247 431 2305 tlone
446 2263 510 2304 non
522 2265 598 2326 opus
617 2245 712 2304 fuisse
729 2243 897 2317 sfflrrnsnt,
919 2240 998 2300 nihil
1012 2253 1115 2321 egunt.
1157 2243 1261 2303 Poetis
1276 2245 1359 2301 enim
1370 2246 1443 2304 lioet
1460 2247 1509 2305 ef·

349 2349 464 2408 lectum
480 2367 571 2407 osuss
589 2345 739 2420 indicare,
762 2355 798 2404 ut
822 2345 924 2404 oeulos
944 2345 1138 2415 contendere,
1159 2345 1324 2417 intensiore,
1352 2347 1511 2407 oculorum

349 2453 446 2510 aoiuu
457 2451 609 2510 otmaro
620 2467 711 2528 saepe
727 2445 807 2507 nihil
822 2446 906 2506 aliud
920 2449 960 2505 sit
977 2447 1037 2504 uisi
1056 2457 1182 2504 aouasm
1194 2467 1311 2504 canere
1324 2446 1404 2522 (Set.
1420 2452 1457 2527 1,
1475 2451 1508 2526 8,

351 2551 422 2632 26),
444 2553 545 2611 oeulos
556 2571 656 2622 uates,
671 2561 776 2609 acutos
789 2549 833 2608 ad
841 2549 964 2628 alequid
976 2549 1117 2630 duige're,
1138 2550 1177 2608 of.
1190 2549 1278 2608 ovid.
1291 2551 1365 2609 stet.
1381 2553 1419 2628 7,
1433 2551 1508 2618 584.

349 2657 421 2716 Juv.
436 2655 472 2730 8,
492 2652 565 2718 149.
607 2651 845 2728 1111111113,
869 2651 943 2715 571.
961 2653 1035 2732 ibiq.
1056 2653 1159 2711 Burin.
1174 2649 1319 2710 Prudent.
1340 2656 1509 2736 llumsrtig.

349 2755 422 2819 895.
465 2759 522 2830 Qui
536 2753 667 2837 denique
682 2755 768 2814 ooulo
782 2753 955 2812 contendere
967 2755 1122 2834 explicant
1135 2765 1259 2825 certare,
1275 2775 1341 2812 rem
1353 2759 1511 2819 inonlosnt

350 2861 484 2938 ineptam
502 2869 593 2939 atque
608 2859 765 2934 insulsam,
785 2875 848 2916 non
862 2855 1010 2931 videntes,
1026 2857 1261 2935 explicationem
1273 2854 1386 2919 horum
1397 2863 1513 2922 verbo·

351 2979 418 3018 sum
438 2961 483 3020 sio
501 2958 683 3041 procedere:
721 2959 795 3018 Non
815 2962 916 3038 possis
937 2958 1091 3016 oouhrum
1109 2960 1175 3014 acie
1196 2958 1255 3016 tuli
1273 2961 1361 3019 modo
1381 2976 1510 3037 certare,

351 3061 438 3140 quali
452 3065 577 3121 certavit
594 3063 755 3142 lquoem,
776 3058 910 3143 quodne
927 3060 1049 3118 febulse
1063 3058 1187 3140 quidem
1202 3059 1345 3140 produnt.
1387 3070 1511 3128 Rectim

284 3143 288 3152 ³
350 3165 515 3224 formulam
535 3165 621 3225 oculo
647 3175 726 3224 cont.
758 3163 948 3244 interpretati
969 3173 1041 3220 suut
1065 3162 1237 3242 Linquite,
1268 3165 1458 3249 Doeriugius
1480 3184 1511 3232 et

354 3266 537 3326 Sohmt'diue.
579 3269 725 3327 ¹Ceterum
738 3269 853 3349 Lyncei
875 3264 928 3348 (de
944 3283 1004 3345 qno
1019 3274 1157 3323 ooonrste
1169 3265 1250 3324 dixit
1262 3268 1373 3328 Heind.
1391 3270 1430 3330 od
1445 3273 1511 3334 Set.

354 3371 384 3445 1,
399 3371 431 3446 2,
446 3367 502 3450 90)
516 3373 727 3450 perspicacitas
737 3371 771 3427 in
782 3369 974 3450 proverbium
990 3367 1073 3425 obiit.
1115 3369 1218 3426 Etiam
1230 3370 1333 3431 (lioero
1346 3373 1387 3433 sd
1402 3376 1511 3438 Fomil.

350 3473 382 3548 9,
396 3476 428 3536 2.
475 3471 550 3550 Quis
562 3483 605 3531 est
617 3472 844 3552 mimate,
864 3473 920 3551 qui
932 3472 1025 3528 tantis
1035 3468 1162 3529 tenebris
1173 3472 1257 3531 1111111
1269 3476 1418 3557 offendat,
1435 3501 1512 3536 ntes-

352 3595 445 3656 quam
460 3577 607 3634 incurrat.
628 3573 748 3655 Apnlej.
763 3575 835 3632 Met.
850 3574 903 3632 lib.
917 3575 993 3652 21)-
1008 3575 1080 3636 101.
1112 3573 1203 3633 Vides
1214 3577 1511 3658 honummsmeum

352 3689 381 3736 st
390 3681 567 3749 iussorum,
581 3689 657 3736 osrte
666 3679 915 3756 perspicaciorem
935 3679 1000 3755 ipso
1013 3677 1134 3754 lyram
1146 3677 1198 3734 vet
1207 3679 1312 3760 Argo,
1331 3693 1361 3739 et
1370 3683 1510 3742 oculeum

352 3792 454 3845 tomus.
498 3781 623 3840 Graeci:
644 3778 723 3863 ὑπὲρ
737 3775 792 3845 τόν
809 3777 949 3862 Avynts,
977 3777 1041 3837 vid.
1063 3780 1193 3860 interpp.
1216 3781 1255 3839 od
1270 3783 1396 3849 Lucisn.
1428 3787 1511 3845 ller-

351 3887 469 3944 motim.
484 3903 511 3942 o.
524 3885 576 3948 20.
586 3885 636 3944 VI.
647 3903 677 3964 p.
684 3883 759 3946 879.
773 3880 821 3940 ed.
830 3883 899 3961 Bip.
915 3879 958 3958 [et
968 3883 1093 3942 Timon.
1107 3881 1156 3941 ed.
1162 3881 1333 3945 Lehmann.
1346 3891 1372 3947 1.
1385 3908 1416 3969 p.
1423 3886 1511 3970 427.)

351 3987 470 4046 llrssmi
479 3985 598 4065 Adogg.
611 3988 642 4062 2,
657 3988 687 4061 1,
702 3983 754 4047 53.
769 4016 813 4028 -·

435 4091 472 4151 V.
488 4091 542 4153 29.
585 4089 735 4171 cruquius
754 4083 793 4144 sd
808 4085 874 4146 sat.
895 4087 932 4166 1,
954 4087 992 4163 8,
1013 4087 1073 4151 25:
1099 4088 1252 4167 „Lippus
1274 4087 1398 4167 dicitur,
1426 4094 1513 4172 oujns

352 4193 433 4252 oouli
445 4195 587 4275 pituitam
601 4187 753 4272 quondam
764 4187 983 4248 mordioentem
998 4189 1189 4266 1111111111,ιι
1214 4209 1292 4271 quoe
1303 4193 1513 4274 interpretatio

352 4291 400 4356 his
416 4295 539 4376 quidem
554 4296 629 4354 locis
644 4290 871 4352 accommodata
882 4290 1020 4369 videtur,
1040 4303 1071 4352 st
1084 4315 1147 4353 non
1162 4295 1314 4354 omuibus.
1341 4295 1419 4355 Vide
1431 4297 1513 4356 Cels.

352 4397 388 4454 ll.
409 4397 452 4454 Μ.
473 4397 511 4472 6,
532 4400 572 4474 6,
589 4397 643 4460 26.
684 4397 765 4454 Plio.
780 4398 826 4453 Ἠ.
846 4397 885 4453 Ν.
909 4397 968 4470 28,
988 4393 1041 4459 47.
1063 4409 1094 4456 st
1109 4394 1337 4455 Liohtenstoedt
1353 4400 1386 4456 iu
1404 4396 1514 4460 Jshuii

351 4495 478 4558 Jahrbb.
495 4497 587 4562 1827.
603 4500 639 4572 V,
658 4495 689 4560 4.
705 4519 736 4578 p.
751 4495 814 4561 402
826 4516 896 4579 sqq.
922 4498 1044 4573 „Uiber
1061 4496 1111 4556 die
1122 4497 1304 4577 Bedeutnng
1319 4498 1372 4559 des
1386 4503 1514 4564 Wortos

351 4601 501 4682 lippitudo
515 4599 578 4660 und
592 4601 667 4659 iiber
680 4600 729 4658 die
741 4597 895 4661 Ursaohen
910 4598 1009 4659 dieser
1020 4598 1230 4660 1111111111ὶῄιι
1244 4600 1413 4664 wollroth.
1422 4605 1514 4688 Synt.
