3450 5334
343 481 410 549 298
464 483 751 551 comuntur
764 487 992 555 INHORATII
1005 490 1080 555 LlB.
1092 492 1116 555 1.
1136 493 1262 559 EPIST.
1274 496 1389 560 SEXT.
1465 504 1510 567 30

345 685 374 733 et
398 672 567 755 aliquunde
587 673 713 735 deecieite
731 676 809 735 vilia
833 680 951 738 meari.
997 680 1134 743 Ceterum
1160 684 1277 747 verbum
1301 686 1461 765 epectnndi
1478 691 1508 749 in

345 778 399 839 hec
423 799 456 839 re
476 781 611 839 usitatum
632 783 713 839 reete
733 798 768 839 er
789 781 891 841 endem
909 782 1038 843 Senecae
1063 783 1128 846 luco
1143 808 1173 867 p.
1188 783 1251 851 648
1272 788 1430 849 observent
1444 792 1509 853 Fen

345 890 375 944 et
399 881 592 954 Sem,
613 882 690 943 udde
709 884 834 963 interpp.
855 883 894 943 nd
916 881 981 943 Liv.
1006 881 1065 963 24,
1086 883 1147 964 34,
1168 892 1199 955 2.
1229 898 1260 951 et
1287 893 1325 951 nd
1349 892 1453 953 lustin.
1476 896 1507 971 1,

345 990 383 1065 1,
405 985 456 1052 10.

427 1088 465 1147 V.
487 1086 519 1150 6.
538 1085 569 1147 6.
613 1086 691 1166 qru'd
709 1108 860 1147 cenea-
875 1088 991 1149 Indue?
1005 1089 1099 1151 Recte
1116 1090 1162 1150 hic
1183 1092 1377 1171 intelligimur
1395 1114 1506 1177 numm,

343 1197 511 1271 argentum,
532 1190 644 1268 lapidee
667 1190 830 1268 similesque
847 1212 895 1251 ree
917 1192 1077 1272 pretioeee3
1106 1193 1164 1252 noli
1186 1200 1297 1271 eutem,
1323 1200 1401 1274 quod
1426 1202 1507 1259 Koe-

343 1298 409 1375 nig.
426 1296 515 1370 fecit,
535 1303 632 1351 tenue
655 1295 764 1353 referre
786 1294 825 1353 ud
847 1312 910 1359 voc.
935 1294 1082 1367 1116111111,
1115 1293 1170 1353 hoc
1194 1316 1232 1357 ue
1255 1298 1321 1375 fiet,
1347 1304 1505 1378 prudenter

343 1396 569 1459 cenitllorutiue
591 1396 762 1475 interponito
786 1395 871 1475 quid
914 1397 1048 1455 Munera
1074 1406 1171 1455 terrae
1191 1400 1246 1458 dici
1274 1408 1307 1460 ut
1331 1402 1412 1461 dona
1433 1404 1505 1463 leute-

343 1514 445 1563 terum
469 1498 558 1577 Prop.
578 1494 617 1577 4,
649 1502 690 1578 2,
715 1495 785 1577 42.,
812 1518 940 1557 murtea
961 1496 1069 1557 Liberi
1089 1499 1147 1557 od.
1174 1502 1212 1579 1,
1235 1502 1293 1577 18,
1319 1505 1370 1581 7.,
1395 1526 1505 1565 munus

346 1605 461 1665 Cereris
484 1600 571 1663 oud
588 1600 662 1661 Met.
690 1602 749 1679 10,
773 1598 838 1676 74,
863 1620 912 1661 res
930 1608 1011 1661 nom.
1032 1632 1077 1647 ·-·
1101 1600 1135 1659 V.
1158 1604 1189 1663 6.
1233 1603 1319 1680 Quid
1336 1640 1381 1653 -
1401 1608 1503 1668 Indos.

342 1708 475 1786 intellige
503 1709 621 1784 praeter
647 1708 746 1763 cetere
773 1706 941 1781 margaritae
967 1710 1054 1781 etque
1085 1704 1223 1781 uniones,
1255 1724 1399 1788 gemmus,
1433 1730 1504 1789 ques

341 1813 459 1890 quidem
484 1827 502 1866 e
524 1808 597 1868 muri
619 1806 727 1865 effundi
752 1806 909 1867 credebant
931 1806 1060 1865 homines
1085 1810 1208 1865 veteres.
1250 1806 1386 1887 Magnum
1409 1821 1503 1873 eutem

340 1930 442 1971 cerum
465 1910 519 1969 luit
541 1910 682 1985 pretium,
704 1928 778 1987 quue
798 1928 834 1969 ex
848 1910 930 1970 ludin
952 1916 1039 1987 etque
1060 1904 1168 1965 Arabia
1187 1908 1407 1973 advehebantur.
1436 1915 1501 1973 Vid.

340 2014 416 2074 Pliu.
439 2013 480 2072 Η.
502 2012 543 2073 Ν.
572 2009 614 2090 9,
633 2008 687 2074 36.
713 2011 776 2088 37,
796 2013 827 2074 6.
843 2012 874 2075 7.
896 2011 928 2072 8.
950 2011 1071 2071 Selmen-
1091 2009 1231 2070 edSulin.
1247 2032 1277 2090 p.
1292 2010 1365 2075 784.
1390 2013 1499 2077 Aelien.

339 2117 379 2179 11.
399 2115 436 2176 Δ.
457 2114 516 2191 10,
541 2112 592 2178 13.
627 2113 673 2171 ln
683 2112 765 2173 Curt.
782 2113 823 2191 8,
844 2113 883 2190 9,
910 2112 960 2177 19.
1003 2114 1147 2173 Gemmae
1162 2116 1405 2195 ncurgaritueque
1420 2138 1503 2177 utun

339 2215 493 2298 (ludicrum)
507 2212 646 2273 1111113111
659 2214 808 2293 infundit.
833 2214 943 2294 Neque
956 2214 1022 2275 αἱὶα
1036 2215 1100 2275 illic
1114 2218 1213 2289 masor
1227 2217 1398 2293 opulentiae
1409 2240 1503 2279 cauce

340 2330 395 2381 eet.
436 2319 521 2381 Ouid.
537 2318 576 2378 de
604 2318 685 2379 Med.
709 2318 766 2375 fec.
796 2318 848 2382 21.
894 2317 1027 2377 ludulae
1047 2316 1124 2377 collo
1145 2316 1264 2395 lapidee
1283 2320 1502 2401 0111111111ιὶ-

339 2434 395 2489 tue.
437 2422 481 2483 ld.
504 2418 541 2480 Δ.
560 2417 597 2483 Α.
616 2420 657 2496 3,
680 2417 753 2484 129.
795 2416 903 2476 Tibul.
920 2414 960 2496 4,
986 2422 1026 2498 2,
1049 2418 1100 2483 19.
1143 2420 1188 2477 Et
1201 2440 1403 2504 quoecumque
1417 2428 1502 2505 niger

338 2525 431 2585 mbeu
450 2523 488 2583 de
504 2522 590 2581 utere
605 2538 744 2600 gemmae
758 2522 925 2580 Proxenus
934 2520 1008 2579 Eois
1023 2520 1141 2602 collegit
1154 2523 1252 2582 Iredcee
1265 2528 1363 2605 aquis.
1408 2528 1453 2587 Id.
1468 2530 1499 2603 2,

339 2632 382 2707 2,
414 2627 465 2693 16.
490 2621 609 2703 4,30.
630 2625 670 2701 3,
695 2623 738 2700 3,
768 2623 820 2687 17.
863 2620 998 2703 Properl.
1026 2626 1064 2701 1,
1091 2625 1131 2703 8,
1156 2622 1209 2687 39.
1252 2628 1350 2687 Hanc
1377 2650 1431 2709 ego
1458 2661 1500 2673 —

339 2752 402 2791 non
412 2728 632 2805 Indieflectere
646 2724 769 2785 conche
784 2756 821 2768 -
832 2726 930 2801 potuei.
963 2726 1005 2786 ld.
1018 2730 1054 2806 1,
1082 2724 1138 2804 14,
1163 2731 1213 2793 12.
1235 2730 1276 2807 3,
1302 2731 1344 2809 3,
1367 2734 1397 2799 2.
1419 2732 1498 2809 Vrrg·

337 2834 469 2897 (111166.
502 2830 577 2891 Indi
591 2826 794 2889 Omnibuccn
810 2828 1071 2909 mriuflngmm.
1100 2830 1152 2891 Sil.
1167 2830 1231 2891 lul.
1245 2834 1303 2911 12,
1329 2833 1401 2900 230.
1423 2835 1499 2891 mie

338 2935 481 2995 cundwin
494 2933 710 2993 honoratum
722 2933 757 2990 in
769 2951 846 2989 aure
859 2930 941 3010 Iepie
951 2932 1052 2995 merie
1069 2934 1213 2993 adeecnn
1222 2933 1263 2992 ab
1277 2936 1348 2993 nrc'e.
1393 2936 1496 2995 Seuec.

227 3064 231 3075 ·
337 3040 454 3119 ffippnl.
476 3037 551 3101 391.
573 3055 628 3097 nec
641 3036 748 3093 nivem
761 3034 843 3114 lapis
855 3036 1001 3097 Dedoeet
1013 3058 1103 3099 auree
1111 3081 1126 3111 ,
1147 3037 1250 3098 Indici
1262 3037 1375 3097 dunum
1392 3040 1493 3095 manue.

338 3142 382 3204 ld.
397 3142 520 3221 Thyest.
543 3140 617 3203 371.
666 3136 730 3213 Qui
748 3136 836 3198 rubri
846 3140 930 3199 vada
944 3140 1042 3201 litorio
1068 3140 1112 3201 Et
1121 3143 1250 3222 gemmae
1265 3160 1349 3201 mare
1361 3140 1497 3199 luccilwn

337 3248 418 3305 Late
437 3244 641 3324 enngceiumm
665 3250 775 3306 umet.
816 3240 941 3305 Mnual.
967 3240 1005 3321 5,
1033 3246 1091 3325 37,
1117 3244 1147 3307 4.
1196 3246 1256 3304 eni
1293 3264 1348 3301 nec
1373 3242 1497 3322 hpillee

332 3349 490 3428 praesume
505 3344 698 3424 Erymmeoe.
743 3342 826 3423 Eleg.
849 3347 880 3405 in
895 3346 964 3406 ubit.
982 3346 1076 3407 Maec.
1098 3348 1150 3415 20.
1173 3350 1270 3406 vincit
1283 3344 1415 3425 beryllum
1427 3368 1496 3407 ure-

339 3472 418 3524 nae,
439 3450 544 3507 Litore
565 3448 599 3504 in
621 3456 747 3505 extrem
767 3466 845 3526 quae
864 3448 959 3508 11111111
980 3448 1065 3507 mdc
1080 3460 1185 3507 movet.
1227 3448 1330 3509 Boeth.
1352 3451 1384 3513 3.
1408 3449 1494 3511 lletr.

336 3556 379 3633 3,
400 3555 432 3618 8.
468 3552 635 3628 Oneretque
645 3547 757 3629 (dinen)
772 3548 874 3607 baccis
888 3549 969 3609 colla
985 3549 1073 3610 rubri
1086 3551 1191 3611 litoris.
1225 3552 1492 3633 HieronymEpiet.

336 3661 367 3723 8.
392 3657 429 3737 (1.
450 3676 480 3735 p.
505 3653 559 3717 43.
585 3652 637 3735 A.)
684 3654 727 3710 Ut
745 3664 863 3712 taceam
880 3654 918 3713 de
933 3656 1090 3715 inaurium
1102 3656 1211 3735 pretim
1226 3656 1356 3714 candore
1369 3674 1494 3737 marga-

335 3764 464 3821 rutarum
485 3758 573 3818 rubri
591 3760 685 3817 maris
704 3756 866 3835 profunda
895 3760 1078 3819 munuum.
1122 3758 1170 3817 cf.
1195 3758 1257 3819 Feu
1280 3765 1309 3817 el
1339 3760 1430 3819 Orell.
1455 3760 1493 3819 ed

337 3863 395 3923 Od.
416 3865 455 3942 3,
481 3858 540 3937 24,
568 3856 621 3923 48.
664 3860 792 3921 Brnultlr.
814 3866 845 3920 et
863 3860 949 3925 Voss.
969 3862 1006 3921 ed
1020 3860 1089 3925 Tib.
1107 3859 1146 3938 4,
1166 3864 1203 3939 2,
1230 3860 1282 3926 19.
1324 3860 1493 3922 nicaenae

334 3970 420 4028 eund.
451 3970 486 4045 1,
515 3970 552 4042 1,
574 3964 628 4029 51.
653 3966 745 4025 etde
775 3965 879 4025 divitiis
904 3967 1049 4044 utriusque
1077 3966 1176 4043 pepuli
1201 3964 1326 4025 Schmid.
1351 3968 1391 4025 ed
1416 3966 1445 4025 11.
1469 3964 1491 4023 l.

336 4077 366 4129 et
389 4073 424 4147 1,
450 4071 490 4145 7,
514 4068 568 4132 30.
606 4068 876 4145 0111116013,
895 4063 956 4145 24,
978 4070 1007 4131 1.
1049 4070 1104 4138 Qui
1127 4088 1237 4129 merces
1250 4069 1362 4129 Indicus
1377 4066 1491 4130 113111-

336 4171 399 4233 bine
422 4180 565 4249 tremule,
588 4190 665 4252 qnee
681 4173 828 4232 maritimis
851 4172 971 4232 advectu
990 4172 1047 4231 eint
1065 4170 1211 4250 cursibus,
1233 4172 1412 4253 intelligunt,
1433 4190 1490 4231 nnn

334 4276 446 4355 vident,
466 4276 594 4337 litornlee
613 4294 740 4354 gemmae
760 4280 791 4334 et
811 4275 913 4336 n'milin
932 4277 1026 4355 potius
1048 4276 1137 4333 videri
1156 4276 1284 4352 divium,
1316 4292 1400 4353 quum
1417 4292 1490 4352 quae

332 4380 403 4438 meri
420 4382 610 4459 importentur
629 4379 828 4456 meremonin,
846 4386 879 4439 ut
900 4378 974 4437 bene
995 4377 1157 4437 observavit
1184 4375 1339 4435 lienteum
1366 4380 1395 4437 iu
1415 4375 1489 4437 Anv.

333 4482 392 4557 22,
414 4480 447 4543 3.
489 4484 554 4552 Qua
573 4492 671 4544 mente
687 4484 791 4542 dixerit
809 4489 960 4560 utrumque
979 4490 1134 4549 ammos,
1156 4481 1232 4557 quud
1251 4487 1339 4559 neget
1360 4478 1490 4537 Bruan-

331 4586 432 4654 m'cuc,
452 4582 597 4643 docebunt
616 4590 755 4643 annotate
774 4584 812 4644 ud
831 4582 925 4663 Epist.
948 4586 985 4659 1,
1011 4586 1049 4659 1,
1070 4576 1123 4644 45·
1143 4578 1196 4645 46.
1218 4588 1249 4643 et
1263 4580 1490 4656 Wenudufiue
