3450 5334
216 531 279 595 117
337 524 623 589 commNTlnss
637 526 681 587 IN
694 524 1251 591 HORAT11L13.1.EP1ST.SEPT.
1306 524 1369 591 089

212 714 286 796 nrpi
310 735 343 777 rs
369 716 432 777 rtis
459 712 562 795 ῥητῶν
590 709 632 787 ὥς
661 706 847 796 ἆποῤῥήτων
875 706 1048 777 denserent.
1090 712 1181 791 Sopb.
1204 714 1280 775 Oed.
1301 716 1369 775 Col.

215 817 308 883 1001.
338 812 432 901 ῥητόν
456 807 591 896 ἄρὁιόν
610 836 642 877 τε
663 814 745 890 tuoe
788 815 872 875 Pers.
894 810 935 892 4,
967 814 997 879 5.
1029 814 1158 875 dicenda
1184 816 1373 897 tacendaque,

214 918 317 979 eullee.
358 920 454 990 Quum
474 914 552 998 ῥητοὶ
572 919 635 977 tere
655 938 691 978 eu
711 920 785 996 sint,
812 937 887 996 quse
907 919 968 977 sine
990 919 1156 997 cujusquam
1175 918 1275 979 fraude
1298 921 1369 981 effe-

213 1026 329 1097 rantur,
349 1040 409 1079 non
428 1020 552 1081 absurde
573 1019 602 1078 b.
624 1020 643 1080 Ι.
664 1021 830 1099 intelligitur
849 1020 940 1080 libera
960 1020 1009 1079 illu
1032 1026 1062 1079 et
1082 1020 1227 1081 familiaris
1249 1023 1280 1081 in
1299 1042 1370 1083 con·

213 1123 287 1181 rivio
308 1122 524 1199 sermocinatio,
544 1123 574 1181 in
595 1124 754 1200 qusquis,
783 1124 954 1201 praesertim
973 1123 1041 1181 vino
1063 1128 1254 1201 provocatus,
1276 1127 1371 1185 omnin

212 1223 304 1283 libere
324 1224 466 1303 eloquitur
485 1233 516 1285 et
534 1225 580 1283 vel
598 1235 702 1303 opertu
719 1225 862 1298 recludit,
882 1232 916 1285 ut
935 1224 968 1302 6,
990 1226 1040 1289 16.
1083 1226 1130 1287 Cf.
1148 1226 1278 1287 Turneb.
1296 1224 1368 1287 Λᾶν.

214 1324 254 1401 5,
275 1326 324 1391 13.
367 1327 471 1405 Neque
491 1327 625 1405 displicet
643 1327 735 1389 alteru
754 1330 828 1389 rutio
848 1348 867 1389 u
887 1328 1033 1409 plerisque
1052 1328 1228 1407 approbata,
1249 1348 1306 1407 qua
1325 1330 1370 1389 bis

214 1428 309 1487 verbis
330 1428 435 1489 Menae
463 1436 497 1489 ut
524 1429 629 1511 plebeji
659 1450 753 1490 sermo
780 1433 895 1510 ineptus
923 1432 1107 1509 significatur.
1150 1427 1226 1509 Apte
1255 1433 1373 1491 laudant

213 1530 292 1609 Vrrg.
312 1528 386 1591 Aen.
408 1530 441 1607 9,
463 1526 536 1593 694.
558 1531 656 1611 digua
676 1544 768 1612 atque
785 1533 917 1613 indigna
940 1530 1128 1613 Vociserms.
1175 1533 1295 1594 Petron.
1317 1529 1369 1593 44.

214 1632 373 1704 Narratio,
394 1633 478 1713 quod
496 1653 550 1691 nee
570 1634 616 1693 ad
637 1636 767 1706 eoelum,
787 1656 843 1693 nee
862 1636 908 1695 ad
926 1646 1036 1694 terram
1052 1636 1192 1715 pertinet.
1235 1634 1370 1695 Similiter

213 1734 357 1795 Lucienus
378 1737 407 1793 iu
426 1737 540 1814 Nigrin.
562 1740 632 1815 22„
661 1758 746 1816 quem
769 1737 867 1799 locum
888 1738 925 1799 ab
952 1737 1065 1796 Orellio
1086 1744 1255 1819 occupatum
1275 1739 1371 1813 video,

213 1838 287 1901 oles
308 1840 487 1899 convictores
509 1840 660 1900 describit:
694 1834 785 1903 Πόσα
813 1838 868 1921 μὲν
892 1836 1096 1923 lppnyo'yrtc,
1127 1835 1205 1904 πᾶσα
1233 1836 1268 1903 ll
1288 1832 1372 1921 nepti

213 1936 341 2023 γνώμην
357 1935 524 2023 ἐμπιόντες,
542 1935 626 2005 πόσα
641 1938 675 2005 lt
690 1934 741 2033 olo·
761 1935 821 2005 otiu
843 1942 945 2025 ὶχρῆν,
965 1936 1209 2023 ἀπολαλήσαντες
1232 1976 1269 1988 -
1293 1939 1374 2004 dnt-

214 2060 285 2106 emv
305 2050 361 2103 ete.
385 2074 427 2089 -·
447 2044 493 2101 Cf.
514 2044 611 2104 Sebol.
635 2044 724 2123 Cruq.
746 2051 778 2104 et
797 2044 886 2105 Both.
910 2048 948 2105 ed
968 2045 1021 2105 Fe.
1044 2052 1075 2105 et
1095 2045 1187 2105 Geso.
1236 2043 1372 2105 Tandem

214 2143 310 2205 dorm.
330 2144 501 2205 dimrttr'tw
546 2146 714 2223 „Politioris
736 2150 824 2215 moris
845 2150 962 2227 ignarus
984 2167 1070 2225 quum
1084 2147 1190 2225 largius
1205 2166 1238 2205 se
1253 2149 1372 2207 invites-

214 2256 271 2325 set,
285 2247 409 2325 benigne
423 2257 564 2327 monetur,
580 2258 613 2310 ut
626 2250 743 2311 tandem
755 2253 870 2311 domum
884 2250 965 2309 ent.“
1008 2250 1057 2308 Sic
1077 2248 1223 2319 Orellius,
1236 2266 1370 2325 quocum,

213 2356 247 2408 nt
261 2349 333 2408 ulios
348 2357 476 2426 taceam,
491 2355 636 2413 consentit
654 2352 850 2411 Giinthenn:
871 2351 1023 2430 „Endliclr
1036 2350 1149 2411 schickt
1163 2369 1227 2409 mnu
1240 2350 1288 2409 ibn
1302 2351 1373 2427 sort,

214 2471 262 2513 um
276 2454 333 2511 deu
344 2452 462 2511 Buusclr
475 2474 511 2511 zu
531 2454 752 2515 versehlufen.“
794 2456 871 2514 Sane
890 2457 978 2515 miror
999 2453 1057 2514 tnle
1078 2454 1371 2533 interpretamentum,

214 2576 271 2633 quo
285 2557 315 2614 in
328 2554 434 2614 bonum
447 2554 562 2614 lienum
574 2557 642 2615 ritis
656 2560 823 2634 conterunt,
838 2577 911 2637 quse
925 2555 962 2617 ab
978 2576 1012 2617 eo
1027 2556 1130 2615 obesse
1144 2556 1231 2617 voluit
1245 2556 1370 2635 prudens

213 2656 314 2717 Poeta.
357 2658 398 2717 Ut
410 2675 469 2717 non
484 2659 591 2736 politus
607 2660 785 2721 describatur
798 2660 873 2719 illius
888 2680 1002 2735 sermo,
1021 2664 1052 2717 st
1073 2658 1160 2718 bomo
1182 2661 1244 2737 ipse
1258 2656 1372 2717 minime

213 2760 365 2840 impudens
379 2769 467 2837 etque
480 2762 705 2841 inverecundus,
727 2764 806 2842 quod
820 2764 969 2822 declarant
983 2779 1028 2819 vv.
1044 2755 1098 2820 74.
1111 2758 1163 2821 75.
1205 2758 1293 2817 Immo
1308 2776 1371 2817 ver-

213 2862 282 2923 bum
294 2860 363 2922 illud
377 2860 500 2919 undem
514 2867 590 2921 terte
603 2864 765 2941 signifieat,
784 2864 890 2924 Menae
903 2863 1008 2923 diutius
1022 2879 1057 2920 ac
1071 2866 1174 2919 contra
1186 2860 1276 2938 ipsius
1292 2880 1370 2919 com-

212 2965 300 3023 moda
312 2964 343 3021 in
357 2962 485 3021 convivio
499 2968 613 3022 retento
623 2964 735 3027 tectum
749 2984 815 3025 esse
826 2968 1022 3046 potestatem,
1045 2971 1077 3023 ut
1089 2980 1122 3019 se
1137 2962 1288 3021 dormitum
1302 2978 1371 3021 oon-

213 3066 314 3127 ferret.
356 3064 437 3123 liene
451 3066 507 3124 boc
521 3068 613 3125 sensit
633 3066 791 3129 thorius.
836 3067 883 3126 cf.
904 3067 942 3125 de
961 3064 1042 3124 verb.
1063 3062 1173 3121 dinitt.
1198 3064 1259 3127 Cio.
1283 3064 1369 3123 Ollio.

217 3172 248 3246 1,
264 3171 317 3245 11,
330 3166 383 3229 36.
428 3167 551 3227 Terent.
566 3168 641 3229 Eun.
655 3166 688 3246 4,
703 3173 736 3247 7,
748 3168 802 3233 44.
818 3175 850 3228 et
863 3186 951 3249 supra
964 3186 991 3225 v.
1010 3168 1061 3229 18.

300 3271 336 3329 V.
350 3264 502 3333 74-76.
545 3272 813 3330 Hie-latinis.
859 3272 925 3329 Hie
939 3271 959 3329 i.
975 3288 1001 3329 e.
1016 3268 1140 3344 „Meuu,
1154 3265 1219 3342 ubi,
1234 3271 1369 3344 tauquam

213 3374 314 3453 piscis,
329 3372 464 3431 conviviis
474 3371 598 3453 Philippi
608 3375 735 3453 opiparis
745 3375 895 3452 aliquoties
905 3373 1048 3431 inescatus
1057 3368 1135 3445 est,“
1151 3376 1183 3429 ut
1193 3374 1272 3429 recte
1281 3369 1372 3427 Bers-

216 3494 349 3535 marmuo
366 3476 570 3553 interpretetur
582 3476 667 3537 aliter
681 3479 822 3537 sentiente
838 3472 1010 3543 Lentino,
1033 3474 1081 3549 qui
1095 3492 1184 3549 saepe
1202 3474 1240 3532 nd
1260 3472 1371 3531 Occul-

217 3589 283 3639 tum
296 3578 404 3653 refert,
417 3578 437 3635 i.
453 3598 480 3637 e.
495 3578 555 3655 „nd
569 3579 682 3639 bonrum
695 3600 783 3659 saepe
797 3579 986 3651 occultatum,
1009 3593 1066 3652 quo
1080 3572 1167 3635 Mens
1179 3580 1314 3653 tunquam
1327 3576 1371 3655 pi-

216 3682 274 3739 seis
289 3680 475 3758 mperetm.“
503 3682 551 3741 Sic
565 3679 657 3741 Plnnt.
672 3682 786 3743 Curcul.
800 3684 832 3759 3,
847 3683 899 3746 61.
934 3678 1025 3737 ΜΘΝ
1039 3674 1089 3735 lu'e
1103 3686 1146 3735 θεῖ
1154 3700 1163 3733 ··
1179 3676 1305 3737 hamum
1317 3696 1373 3735 νο·

215 3792 278 3841 rat.
318 3780 353 3840 In
371 3782 542 3841 contrariam
556 3785 726 3845 sententium
739 3786 802 3844 Sat.
818 3789 849 3863 2,
865 3784 897 3863 5,
912 3782 962 3849 25.
976 3786 1007 3840 et
1019 3778 1112 3839 Plaut.
1128 3780 1189 3839 lllil.
1202 3781 1276 3859 glor.
1292 3784 1323 3855 2,
1339 3782 1372 3857 6,

214 3882 266 3947 98.
302 3882 479 3962 Nunquam
491 3882 591 3941 hercle
605 3904 640 3942 ex
653 3886 712 3944 ista
725 3908 818 3946 nassa
830 3908 884 3967 ego
897 3884 986 3944 hodie
1000 3900 1098 3941 eseam
1106 3894 1222 3959 petam.
1260 3882 1371 3943 Eodem
1435 3874 1438 3881 ¹

216 3984 417 4061 similitudine,
439 3988 477 4046 de
491 4006 548 4065 qun
560 3987 617 4047 diri
635 3990 674 4047 nd
692 3992 727 4066 1,
753 3991 789 4067 1,
809 3990 875 4065 79,
893 3991 923 4047 in
943 3988 1045 4046 eudem
1057 4004 1088 4043 re
1102 3988 1189 4045 utitur
1202 3984 1372 4048 Lucienus

215 4088 344 4149 Mereed.
358 4088 491 4147 conduct.
505 4090 537 4151 8.
550 4089 600 4148 lll.
614 4109 645 4169 p.
660 4092 723 4156 216
738 4111 783 4169 sq.
797 4091 864 4171 Bip.
901 4090 973 4151 Inde
987 4086 1182 4168 proverbiales
1196 4088 1371 4148 locutiones:

216 4192 351 4251 inuam
363 4189 499 4249 homines
512 4197 543 4251 et
555 4212 661 4250 vorare
673 4192 812 4264 Ιιαιιιιιιιι,
827 4195 865 4253 de
879 4192 981 4271 quibus
993 4192 1063 4251 dixit
1068 4190 1204 4250 Erasmus
1217 4190 1247 4249 in
1256 4187 1368 4265 Adngg.

216 4297 249 4371 2,
265 4293 297 4370 6,
311 4291 364 4355 73.
381 4294 431 4356 74.
458 4294 505 4355 ltn
521 4296 626 4356 Graeci
640 4289 797 4373 δελεάζειν,
811 4295 869 4355 vid.
884 4294 1010 4355 lrmiseb.
1025 4294 1063 4351 ed
1075 4292 1183 4355 Herod.
1201 4294 1233 4367 1,
1248 4294 1298 4367 12,
1317 4292 1369 4353 10.

218 4394 361 4453 Wetsten.
381 4397 420 4455 ml
439 4397 480 4457 N.
496 4398 534 4459 Τ.
557 4398 593 4457 ll.
614 4420 644 4478 p·
658 4395 719 4461 661
735 4416 800 4475 sqq.
816 4398 941 4477 interpp.
957 4396 995 4455 od
1009 4393 1117 4455 Aelinn.
1133 4394 1167 4452 V.
1181 4394 1218 4455 ll.
1236 4390 1294 4469 14,
1317 4395 1368 4455 17.

215 4498 269 4558 Hie
283 4502 379 4555 sutem
394 4500 475 4558 simul
488 4500 627 4559 indicetur
640 4500 745 4561 Menae
758 4500 867 4558 unimus
882 4518 940 4559 nou
952 4496 1104 4578 providus,
1127 4514 1185 4573 quo
1204 4496 1271 4573 quid
1283 4494 1337 4554 sibi
1352 4514 1369 4555 a

216 4598 339 4679 Philippi
360 4600 425 4661 lusu
445 4602 624 4683 impenderet
644 4602 728 4679 meli,
750 4602 902 4681 ignoravit.
943 4600 1034 4662 Porro
1050 4598 1187 4675 observa,
1209 4597 1368 4676 Philippum
