3450 5334
234 533 295 597 101
339 529 627 593 corninnrnnn
647 531 692 593 nr
712 528 884 593 nonnrn
903 529 979 590 nn.
998 530 1021 588 1.
1036 528 1162 591 nrrsr.
1177 528 1289 591 serr.
1331 479 1400 591 sni

232 724 263 781 in
291 717 450 778 horninibus
467 717 612 796 rebusque
633 717 817 795 conspicuum
834 725 881 777 est
902 718 1062 794 exprimunt
1080 725 1212 795 veteres,
1249 719 1328 795 qnod
1348 715 1393 775 hic

233 822 344 901 fugisse
371 823 483 881 videtur
500 819 736 881 Marklandum.
780 822 866 880 Conf.
894 818 995 879 Jacob.
1024 820 1082 889 Qu.
1103 820 1184 898 Epic.
1210 840 1240 897 p.
1264 820 1305 882 17
1326 836 1391 895 sqq.

233 932 264 986 et
280 932 382 984 noem
400 929 539 983 motam
557 923 596 980 ed
618 924 654 998 2,
686 924 737 987 21.
759 954 804 967 -
822 921 858 980 V.
881 917 933 985 41.
977 921 1071 999 lunge
1092 928 1213 999 propter
1230 921 1392 999 juncturam

233 1046 299 1086 cnm
316 1024 411 1085 verbis
427 1037 463 1083 ut
475 1058 519 1068 —
527 1033 684 1101 ponentur
693 1044 752 1085 non
771 1024 945 1103 singularem
959 1024 1053 1085 locum
1069 1024 1183 1085 llhecne
1201 1020 1392 1082 indicentibus

231 1130 289 1189 ita:
310 1127 417 1187 Ithaco
434 1126 535 1207 (Ouid.
552 1124 645 1185 Trici.
664 1128 694 1202 1,
708 1124 740 1204 4,
761 1128 813 1191 67.
834 1127 908 1187 Met.
928 1126 980 1203 14,
1005 1126 1090 1204 169.)
1110 1146 1171 1184 non
1193 1135 1236 1181 cet
1254 1134 1320 1201 apt.
1345 1142 1391 1203 eq.

232 1230 291 1289 loc.
335 1230 385 1291 Sic
401 1230 487 1290 Hom.
504 1229 562 1288 Od.
580 1224 613 1305 4,
632 1230 825 1292 601—608.
847 1236 963 1307 praeter
983 1227 1039 1287 alia
1060 1228 1145 1287 haec:
1166 1219 1217 1289 Ἐν
1238 1219 1265 1287 δ’
1285 1219 1391 1311 Ἰθάκῃ

230 1322 294 1396 αὕτ’
313 1327 354 1413 ὅσ
373 1325 480 1415 δρόμοι
496 1325 613 1411 cilniae,
642 1325 712 1394 οὔτε
732 1352 761 1392 τι
780 1326 905 1411 λαιμόν.
930 1362 973 1377 -
1001 1323 1047 1395 oi
1068 1324 1126 1412 γάρ
1145 1351 1190 1403 τις
1210 1324 1317 1409 νήσων
1338 1326 1390 1391 in-

230 1427 382 1514 σσήλασσς,
417 1427 488 1497 odd
507 1425 655 1513 σῦλαίμωα
673 1466 718 1479 -
737 1424 843 1511 Ἰθάκη
869 1429 902 1495 dl
922 1454 954 1496 τσ
977 1430 1030 1496 nul
1050 1432 1121 1512 περὶ
1143 1428 1274 1494 πασέων.
1318 1430 1390 1491 Inde

231 1538 369 1616 Epithecc
387 1531 525 1618 αραναή,
546 1529 761 1610 παιπαλόεσσα,
781 1540 911 1615 τρηχεῖα.
954 1535 989 1594 11.
1008 1534 1041 1611 3,
1061 1536 1134 1599 201.
1180 1531 1239 1591 00.
1263 1532 1294 1608 1,
1316 1528 1388 1595 247.

229 1638 263 1716 9,
283 1640 335 1705 27.
359 1640 411 1716 11,
433 1636 507 1703 479.
535 1636 587 1714 14,
606 1635 678 1702 242.
723 1638 785 1697 Cic.
807 1640 845 1697 dc
863 1638 917 1701 Or.
941 1640 972 1715 1,
993 1633 1047 1713 44,
1068 1636 1141 1699 196.
1185 1632 1327 1693 Ithacam
1347 1631 1389 1690 il·

231 1741 296 1800 lam
316 1741 351 1799 in
372 1741 547 1819 arpcrrimic
567 1738 684 1799 muh'r
703 1748 852 1819 tanquam
873 1738 1014 1799 nidulum
1042 1738 1176 1817 affixam.
1219 1732 1311 1797 Prisc.
1332 1732 1389 1793 Pe-

226 1845 302 1923 ricg·
329 1843 404 1910 621.
447 1842 568 1902 Ithacae
587 1853 680 1922 neque
699 1862 808 1920 aspera
828 1841 928 1901 uum.
974 1840 1040 1899 vid.
1063 1858 1136 1918 quae
1158 1838 1268 1897 erudite
1289 1838 1389 1916 dispu-

225 1954 294 2009 tenc
313 1943 453 2005 Nemota.
477 1946 515 2004 ud
533 1945 620 2005 llorn.
641 1944 700 2003 00.
717 1943 740 2002 l.
762 1940 1389 2022 p.xv111-xxl.etnlausen.inzim-

227 2067 330 2111 nenn.
349 2046 564 2126 „Zeitnclrrist“
583 2045 678 2109 1836.
693 2064 723 2123 p·
740 2043 812 2109 134.
827 2064 894 2124 sqq.
912 2047 950 2105 de
966 2045 1076 2105 libello:
1098 2044 1219 2122 „Ueber
1235 2044 1287 2101 dee
1301 2041 1388 2103 Hom.

224 2149 360 2211 lew
401 2148 468 2207 Von
487 2147 526 2208 R.
546 2166 574 2206 r.
596 2144 635 2205 1..
653 2178 691 2191 -
712 2144 811 2205 Berlin
829 2148 923 2212 1832.
949 2180 985 2195 -
1009 2148 1044 2207 V.
1063 2145 1115 2213 42.
1159 2148 1334 2214 Por-rentur,
1355 2150 1389 2203 nt

227 2250 317 2311 Cucc-
334 2250 371 2310 B.
392 2250 432 2310 G.
451 2252 483 2325 2,
506 2247 560 2325 19,
579 2246 610 2310 6.
627 2258 769 2325 porrecta
787 2268 828 2307 uc
847 2248 917 2309 loca
936 2260 1053 2328 aperta.
1097 2250 1183 2309 Cons.
1205 2246 1307 2306 Jacob.
1328 2245 1386 2314 Qu.

222 2350 348 2413 Luciun.
367 2372 398 2430 p-
417 2350 470 2418 29.
498 2382 542 2395 -
566 2348 680 2407 multae
695 2350 846 2430 pmdc'guc
863 2351 989 2431 enlm,
1025 2351 1136 2428 ut15,
1168 2352 1218 2415 16.
1242 2359 1387 2428 pumma

221 2472 370 2533 ρωποι
389 2450 477 2531 Jugr‘r
495 2470 613 2532 nqueo,
644 2451 693 2510 nbi
714 2454 797 2525 ride3
824 2454 880 2513 nisi
899 2454 1013 2513 multae
1034 2454 1080 2514 hic
1100 2460 1146 2514 eet
1166 2471 1221 2531 pro
1239 2454 1317 2511 vario
1334 2469 1386 2529 gc-

224 2574 307 2617 nere.
350 2555 400 2615 Sic
416 2556 454 2631 6,
476 2557 508 2619 2.
529 2573 616 2613 cmm
631 2553 707 2613 οἶαι.
735 2587 778 2603 -
806 2555 841 2615 V.
863 2552 1037 2636 43100310
1059 2565 1135 2634 apta
1154 2552 1212 2612 ribi
1230 2564 1284 2613 ma
1305 2552 1387 2611 donn

225 2657 332 2737 nlirrq.
358 2655 446 2717 Hom.
475 2657 535 2715 00.
564 2657 586 2718 l.
607 2655 629 2716 l.
655 2655 738 2736 (ibiq.
761 2656 911 2737 N‘rtzseh.)
939 2654 978 2723 σα“
1005 2654 1065 2741 γᾶρ
1092 2654 1211 2722 wedrico
1239 2651 1386 2729 αἀσὶσσσις

226 2756 347 2840 Evolve
366 2765 423 2820 etc.
467 2758 552 2836 Vid,
583 2778 670 2836 quem
687 2760 786 2820 laudnt
800 2760 981 2837 Schmidiur,
1021 2760 1058 2821 0.
1080 2757 1204 2822 udae.
1224 2756 1332 2819 Gercln.
1354 2757 1384 2815 0.

224 2860 302 2925 Hell.
323 2862 416 2922 senae
437 2860 474 2920 ll.
495 2879 526 2937 p.
541 2857 595 2921 69.

309 2962 347 3023 V.
367 2957 421 3023 44.
465 2962 570 3020 Pam
579 2979 716 3039 parvum
730 2960 845 3020 dmm.
890 2962 935 3023 ln
950 2970 1133 3043 opponuntur
1151 2962 1247 3041 pam·
1263 2967 1294 3021 et
1313 2976 1384 3017 anr-

218 3065 271 3147 ,α
289 3066 330 3144 e,
351 3039 411 3129 ‘ze
453 3062 487 3123 n
512 3064 685 3123 mennam
707 3065 767 3139 18,
795 3064 853 3129 eo.
897 3063 981 3123 Aa.
1003 3064 1087 3123 nce
1112 3084 1223 3123 ...0.
1246 3063 1383 3121 marum

224 3180 307 3249 toga.
361 3166 541 3244 Compernnt
563 3166 649 3223 elien
673 3164 787 3225 Cellim.
815 3166 933 3245 Fregm.
964 3166 1037 3231 179.
1084 3161 1148 3233 ’Ari
1175 3170 1240 3241 ταῖς
1264 3166 1383 3245 uinxere

222 3270 318 3352 plu«
335 3267 455 3331 διδοῦσα
474 3265 553 3329 croc
572 3298 616 3311 -·
624 3269 700 3339 J'am
717 3288 792 3339 non,
812 3276 889 3330 tecte
908 3272 1073 3350 significans
1088 3276 1225 3331 mutatum
1240 3265 1382 3327 sentiendi

219 3372 380 3447 rationem,
408 3377 444 3428 ut
456 3372 530 3443 jam
549 3371 587 3445 1,
610 3371 648 3445 1,
668 3366 699 3432 4.
723 3371 781 3447 10,
804 3374 856 3436 11.
899 3372 945 3435 De
962 3374 1073 3435 dicendi
1089 3375 1217 3450 ratione,
1246 3386 1381 3450 proque

220 3473 345 3533 harbure
365 3492 426 3531 non
440 3469 575 3549 amplius
594 3473 703 3550 dicunt,
724 3473 801 3532 conf.
823 3475 887 3533 Sat.
908 3480 939 3553 2,
956 3478 988 3555 3,
1009 3476 1040 3540 ὗ.
1082 3476 1193 3535 Iamne
1210 3492 1280 3531 non.
1320 3472 1378 3529 00.

223 3578 257 3653 1,
277 3571 311 3655 4,
331 3576 364 3639 3.
386 3573 420 3653 9,
440 3576 472 3639 2.
493 3591 589 3653 neque
600 3575 687 3649 jam,
706 3578 852 3648 mejam.
887 3577 944 3637 00.
962 3581 993 3656 3,
1013 3579 1046 3656 8,
1065 3578 1117 3643 25.
1135 3578 1206 3653 jam
1223 3594 1285 3637 nec.
1319 3574 1377 3634 Od.

222 3674 262 3755 4,
283 3673 317 3754 4,
338 3674 392 3738 69.
402 3677 477 3751 jem
495 3694 566 3739 non.
607 3672 744 3751 Virffl’linr
765 3682 862 3736 autern
883 3676 927 3736 bie
947 3697 1001 3737 nec
1011 3683 1086 3753 jam
1100 3677 1234 3758 ampliur
1254 3678 1327 3737 Aen.
1344 3676 1377 3751 3,

222 3778 295 3845 192.
314 3780 389 3845 260.
431 3776 587 3855 Virgilium
605 3777 735 3856 exempla
755 3778 872 3857 collegit
889 3779 1026 3859 Wagner.
1046 3782 1076 3841 in
1097 3783 1155 3853 Qu.
1173 3778 1252 3859 virg.
1271 3777 1376 3855 XXIV,

221 3884 266 3959 2.,
287 3878 344 3941 elic
362 3879 459 3941 Hand.
477 3881 516 3939 ud
536 3876 627 3939 Turn.
647 3876 699 3938 111.
716 3900 747 3959 p·
768 3880 829 3945 131
848 3898 927 3960 sqq,
944 3885 987 3943 cui
1008 3903 1066 3944 non
1085 3902 1206 3964 prorsus
1223 3882 1374 3942 accendor.

223 4014 268 4031 -·
288 3982 373 4062 τερα
392 3982 515 4053 Roma,
536 3987 677 4060 quatenus
695 3981 890 4059 magnitudine
910 3985 1021 4061 virium,
1042 3984 1196 4063 splendore
1213 3990 1244 4043 et
1263 3983 1375 4060 magni-

221 4086 339 4145 ficentie
358 4083 410 4163 (cf.
432 4082 558 4143 Ellendt.
579 4084 617 4142 ud
638 4081 700 4142 Cic.
721 4083 759 4142 de
776 4083 830 4143 Or.
853 4087 884 4161 1,
904 4088 937 4164 8,
957 4085 1026 4166 32.)
1046 4085 1174 4164 excellit,
1196 4104 1284 4163 quare
1303 4084 1373 4143 elias

221 4188 281 4247 00.
296 4184 329 4262 4,
352 4186 458 4261 3,13.
501 4184 605 4243 Roma
614 4186 756 4264 princepe
768 4184 891 4245 urbem
897 4210 910 4262 ,·
932 4184 1034 4266 4,14,
1053 4188 1242 4253 44.ώοοΜ
1256 4188 1373 4256 Rom,

218 4283 457 4367 ntCelpnrnl,
478 4287 552 4349 161.
574 4289 607 4364 8,
627 4287 680 4352 83.
722 4286 809 4347 Mart.
824 4288 857 4365 3,
881 4291 911 4365 1,
932 4289 963 4353 6.
1007 4291 1092 4351 Conf.
1109 4296 1225 4370 praeter
1243 4288 1369 4347 Sclnnid.

217 4398 250 4453 et
278 4390 314 4450 C.
335 4389 419 4449 Puer.
438 4388 481 4449 N.
503 4387 577 4453 267.
604 4386 687 4468 Lipr.
709 4390 746 4449 de
773 4390 935 4468 magnitud.
955 4392 1041 4453 Rom.
1063 4395 1099 4470 1,
1130 4396 1160 4458 2.
1203 4390 1303 4451 Barth.
1331 4391 1370 4455 ad

217 4492 322 4553 claud
343 4494 381 4552 de
399 4490 495 4551 Laud.
524 4490 590 4556 scil.
611 4491 650 4567 3,
682 4492 754 4555 131.
796 4491 927 4553 Elmenh.
949 4496 988 4553 ad
1009 4492 1118 4553 Arnob.
1141 4496 1171 4559 2.
1196 4512 1227 4571 p.
1244 4496 1296 4557 67.
1319 4492 1367 4551 εο.

213 4592 337 4655 Selm-
354 4594 448 4658 1661.
477 4592 611 4653 Werncd.
625 4593 664 4653 nd
678 4592 769 4655 Butil.
783 4594 850 4655 ltin.
867 4599 898 4673 1,
912 4594 965 4659 47.
983 4592 1053 4661 194.
1080 4594 1213 4656 sehirlitz
1225 4593 1365 4674 „Handb.
