3450 5334
312 507 596 568 commoratu
616 510 656 568 ΙΝ
675 509 843 569 nomn
863 506 994 566 EPIST.
1013 507 1122 566 Puni
1144 509 1220 566 nm.
1242 508 1267 565 l.
1331 501 1372 570 87

209 681 411 760 interpretans
426 697 532 736 rernm
543 677 637 735 animi
652 678 781 754 bonum,
804 671 839 741 sd
852 671 947 740 setis
957 679 1015 739 voti
1029 673 1113 758 βίον,
1126 679 1208 737 vitae
1218 675 1372 754 decorum,

210 794 243 842 nt
259 777 398 860 Euripid.
412 777 639 860 tmpsteeqvat
655 803 737 855 τινος
751 777 914 842 solciaci
927 770 1060 860 ἆγαθοῦ.
1092 781 1172 840 Usus
1187 778 1310 860 quidem
1323 780 1373 838 lo·

208 881 323 964 quendi
337 880 417 941 banc
436 882 672 962 explicationem
694 881 773 958 (Sat.
790 883 828 956 2,
845 881 883 954 8,
908 877 962 943 48.
979 880 1053 944 208.
1081 884 1179 963 Epist.
1196 883 1286 956 1‚7‚
1304 879 1372 961 98.)

209 981 292 1044 haud
306 1003 381 1045 sane
399 982 534 1062 damnat,
548 987 665 1046 sirecte
678 983 866 1042 intellexeris
872 983 1070 1042 Horatianum
1079 985 1191 1043 similia
1206 984 1272 1042 sine
1285 985 1372 1063 pleo-
1397 1011 1400 1015 >

208 1106 315 1146 nssmo
337 1085 541 1167 conjungendi
556 1103 688 1160 moram,
715 1083 832 1166 dequo
848 1083 911 1144 rid.
926 1081 967 1142 ad
981 1088 1079 1167 Epist.
1100 1088 1137 1163 1,
1163 1088 1202 1161 2,
1224 1089 1278 1151 60.
1326 1090 1372 1147 Ne

209 1199 311 1248 sutem
324 1186 452 1250 haereas
466 1191 499 1248 in
520 1187 670 1267 particula
687 1196 779 1266 atquc
786 1229 799 1258 ,
823 1207 903 1269 quae
922 1209 972 1248 res
994 1188 1128 1249 diversas
1150 1188 1201 1248 rel
1222 1209 1319 1268 genus
1340 1200 1372 1248 et

208 1293 324 1370 species
343 1291 525 1371 conjungere
539 1291 577 1349 ab
595 1287 772 1348 llochedero
790 1289 918 1366 dicitur,
933 1289 996 1350 rid.
1011 1292 1122 1352 Hand.
1136 1293 1169 1349 in
1191 1292 1319 1351 iaraell.
1341 1296 1370 1357 1.

207 1413 239 1474 Ρ.
252 1389 327 1458 464.
345 1426 389 1438 -
412 1414 482 1454 curo
496 1395 650 1475 apposite,
676 1401 824 1473 quatenus
844 1395 912 1473 ipss
924 1413 1030 1454 secum
1048 1393 1212 1454 meditatur
1226 1393 1265 1454 de
1281 1396 1371 1456 rebus

207 1493 355 1570 Ιιοιιεσϋι,
376 1507 409 1555 ut
424 1497 520 1578 Epist.
540 1496 574 1571 1,
589 1492 620 1570 4,
642 1493 808 1570 6.12,16.
840 1497 889 1554 (li.
902 1497 967 1556 Sat.
978 1500 1010 1572 2,
1025 1499 1061 1572 6,·
1071 1499 1223 1562 72-76.
1239 1501 1267 1573 1,
1280 1499 1313 1574 8,
1327 1501 1370 1563 76

207 1617 275 1680 sqq.
288 1632 329 1644 -
351 1619 437 1680 rogo,
448 1607 597 1679 qnatenus
614 1595 652 1654 ab
667 1595 736 1655 aliis
746 1615 778 1656 se
793 1601 859 1658 rult
874 1598 1004 1676 edoceri,
1018 1601 1117 1678 Epist.
1132 1602 1163 1676 1,
1180 1599 1231 1674 18,
1250 1601 1292 1663 96
1302 1619 1370 1682 sqq.

206 1702 304 1760 Aliter
314 1711 419 1760 tamen
434 1703 480 1759 rir
497 1698 602 1759 doctus
618 1697 744 1779 quidam
756 1701 787 1756 in
798 1700 939 1762 sennia
946 1705 983 1761 Ζ.
1002 1701 1095 1764 1829.
1112 1701 1370 1782 canopoeo:

207 1825 279 1864 curo
286 1847 299 1876 ,
314 1802 416 1884 quoad
423 1805 519 1864 Poita
532 1799 590 1861 has
610 1820 658 1860 res
673 1799 754 1860 dieat
767 1822 815 1862 res
829 1807 960 1864 maximi
972 1804 1120 1863 momenti
1133 1822 1272 1884 quaeque
1282 1804 1322 1862 ad
1337 1825 1370 1864 se

207 1909 345 1966 maxime
365 1908 553 1988 pertineant,
575 1925 667 1984 rogo,
690 1904 791 1986 quoad
813 1905 852 1965 de
874 1908 912 1966 iis
940 1904 1106 1964 meditetur
1131 1915 1161 1963 et
1190 1908 1311 1984 cogitet.
1327 1939 1370 1951 -

206 2011 304 2068 omnis
319 2011 354 2067 in
371 2009 506 2068 horam
513 2049 526 2079 ,
551 2017 585 2066 ut
602 2009 728 2066 Lucian.
745 2010 884 2068 Henuot.
901 2030 929 2068 c.
942 2010 976 2070 2.
998 2004 1064 2086 (tv.
1080 2027 1112 2086 p.
1122 2006 1155 2070 8.
1171 2007 1255 2088 Bip.)
1272 2001 1370 2082 οὕτως
1454 2024 1460 2040 ·

206 2105 278 2185 ὅλος
294 2107 373 2174 rivas
389 2111 424 2175 is
443 2114 488 2195 spi
501 2109 661 2192 πράγματι.
712 2113 758 2168 De
773 2108 831 2170 hoo
845 2111 1030 2169 Graecorum
1046 2129 1105 2169 usu
1120 2107 1183 2168 vid.
1201 2128 1278 2189 quos
1300 2110 1370 2168 lau-

206 2213 258 2272 dat
272 2213 382 2272 Stella.
397 2209 438 2272 ad
451 2212 530 2271 Plat.
542 2209 657 2272 Phaed.
673 2233 697 2274 o.
711 2213 765 2276 35.
787 2233 818 2294 p.
840 2215 913 2276 112.
936 2223 968 2271 et
985 2210 1023 2271 dc
1035 2211 1237 2271 imitatoribus
1252 2212 1369 2270 LatinIs

205 2316 316 2378 lleind.
339 2316 379 2375 ad
397 2316 462 2375 Sat.
485 2316 520 2389 1,
545 2317 581 2391 9,
598 2316 629 2378 2.
683 2313 810 2375 Lachm.
832 2313 872 2373 ad
888 2316 981 2395 Prop.
998 2318 1037 2390 2,
1061 2317 1096 2388 1,
1121 2314 1172 2377 10.
1214 2310 1308 2376 Bach.
1328 2313 1369 2372 ad

205 2419 295 2482 ovid
309 2422 385 2478 Met.
405 2417 456 2494 18,
473 2414 547 2482 646.
598 2417 686 2490 Quod
703 2416 754 2478 hio
771 2418 849 2478 dixit
871 2421 969 2477 omnm
983 2439 1039 2498 pro
1055 2429 1134 2477 totrss
1140 2461 1155 2490 ,
1176 2416 1281 2478 dubito
1294 2437 1369 2476 num

206 2523 353 2602 distingui
367 2522 513 2596 voluerit,
535 2530 571 2580 ut
586 2518 797 2580 Doederlinius
813 2539 901 2580 meus
913 2522 947 2579 in
964 2521 1078 2601 Syron.
1093 2524 1147 2582 lv.
1160 2542 1192 2601 Ρ.
1203 2521 1283 2596 868,
1298 2539 1369 2579 rere

205 2625 347 2709 qrridem,
359 2622 457 2685 docet.
498 2625 611 2682 Poetae
621 2624 741 2703 singula
755 2643 844 2703 saepe
860 2625 951 2685 rerba
967 2644 1031 2684 non
1049 2636 1165 2685 curant.
1207 2626 1260 2686 Sic
1276 2630 1368 2686 etiam

206 2749 266 2788 uon
281 2726 372 2786 video
386 2727 489 2801 illurn,
522 2743 614 2805 quam
624 2729 804 2787 Torrentius
821 2725 917 2802 vidit,
941 2729 975 2785 in
995 2728 1192 2806 ambiguitate
1206 2727 1368 2788 verborum

205 2832 292 2892 cond.
307 2841 339 2888 et
349 2849 445 2906 comp.
461 2830 575 2908 pariter
590 2826 629 2886 de
645 2831 782 2890 versibus
791 2828 940 2889 faciendis
950 2841 1162 2909 usurpatorum
1175 2831 1366 2910 elegantiam.

204 2935 368 3014 Eleganter
379 2933 468 2990 vertit
482 2931 689 2990 Gtillertotum
703 2929 737 2990 h.
751 2933 828 2991 loo:
852 2933 956 3014 rolycp
969 2929 1011 2994 ta
1024 2925 1062 2994 rai
1083 2953 1116 2995 ss
1132 2927 1224 2996 lomi
1239 2957 1278 2996 vv
1294 2935 1368 2997 stel-

205 3063 290 3120 γνια,
307 3035 366 3117 τήν
382 3056 415 3098 rs
430 3033 572 3112 muoso,
588 3027 665 3096 oillei
683 3029 718 3097 ro*
734 3029 768 3098 tv
778 3055 809 3097 ss
822 3031 940 3116 πρέπον
956 3054 987 3096 ss
1013 3031 1104 3115 piiss·
1124 3031 1195 3110 dioc
1217 3036 1279 3118 siai
1292 3033 1367 3120 apic

205 3133 320 3214 adroic,
336 3131 384 3210 cic
399 3157 430 3200 ra
444 3129 507 3217 sc'2'
520 3129 561 3198 dn
572 3139 706 3218 χρῶμαι,
724 3137 941 3218 ταμιευόμενος
957 3137 1132 3219 maerstem

288 3246 327 3302 V.
342 3240 477 3305 13-15.
498 3238 551 3298 Ac
565 3259 658 3298 ns-
675 3238 800 3318 deferor.
847 3241 912 3298 lloo
927 3241 1022 3299 Poeta
1040 3241 1171 3301 irrisioni
1183 3243 1366 3304 Maecenatis

205 3347 251 3406 sui
265 3361 443 3405 occursum
457 3343 551 3422 (reete
566 3342 743 3402 observante
758 3339 951 3421 Wielandio)
963 3340 1078 3401 dixisse
1093 3342 1223 3406 ridetur.
1258 3342 1366 3404 Philo-

204 3445 329 3528 sophiae
342 3463 519 3526 quanquam
534 3442 615 3525 apud
630 3445 784 3504 Romanos
805 3463 878 3502 snus
891 3463 947 3523 per
957 3445 1115 3525 Scipiones
1131 3457 1162 3506 et
1178 3450 1298 3508 Laelios
1316 3471 1366 3508 re-

204 3553 327 3611 stitutus
342 3557 407 3606 erat
426 3545 540 3624 honor,
559 3547 650 3606 multi
663 3557 784 3622 tamen,
815 3547 869 3626 qui
882 3547 937 3604 illo
947 3557 1084 3628 tempore
1098 3553 1127 3610 ei
1144 3571 1255 3611 nomen
1270 3551 1365 3612 dede-

205 3665 288 3728 rant,
307 3653 472 3731 sapientiae
493 3649 543 3708 rel
563 3670 627 3708 non
641 3669 711 3708 vere
728 3647 855 3709 studiosi
872 3649 949 3730 (Cio.
967 3649 1006 3710 de
1021 3663 1097 3713 orat.
1112 3656 1143 3729 2,
1161 3655 1192 3730 6,
1209 3653 1264 3733 21)
1276 3675 1365 3736 repe-

205 3757 359 3814 riebantur
374 3753 423 3812 rel
438 3763 585 3832 tanquam
599 3755 786 3832 interpretes,
800 3749 857 3810 snb
868 3752 972 3812 aliern
982 3753 1092 3812 umbro
1104 3755 1229 3816 luterum
1240 3758 1363 3838 (Senec.

203 3861 299 3938 Epist.
309 3855 367 3936 33)
386 3855 478 3914 rerba
501 3859 638 3935 magistri
655 3853 808 3916 mordicus
825 3855 986 3932 tenebant,
1007 3867 1043 3916 ut
1062 3857 1237 3941 philosophi
1250 3881 1363 3920 nomen

203 3962 275 4020 riris
289 3959 525 4038 elegantioribus
550 3969 579 4018 et
597 3957 752 4035 delicatis,
781 3963 881 4040 qualis
904 3973 968 4022 erat
987 3964 1164 4037 Maecenas,
1189 3974 1363 4041 suspectum

203 4059 338 4144 quodam
352 4058 446 4121 modo
461 4072 551 4122 esset.
581 4063 648 4120 lluo
664 4059 835 4138 accedebat,
854 4064 937 4144 quod
950 4067 1050 4141 multi,
1067 4067 1120 4145 qui
1137 4063 1363 4146 philosophiam

203 4175 268 4224 tum
281 4163 513 4245 profitebantur,
534 4165 685 4244 imprimis
702 4165 809 4223 Graeci
825 4169 941 4227 Romae
960 4177 1130 4242 versantes,
1154 4179 1222 4226 tum
1241 4189 1363 4229 morum

202 4269 252 4326 rel
266 4268 443 4326 morositate
466 4268 518 4327 rel
537 4267 716 4328 scurrilitate
744 4266 889 4349 (Boettig.
914 4270 1021 4330 Sabin.
1040 4289 1072 4348 Ρ.
1088 4269 1162 4332 286.
1182 4270 1274 4350 812),
1297 4283 1363 4332 tum

201 4371 348 4430 inanitate
379 4369 559 4449 opinionum
591 4368 890 4453 disputationumque
914 4382 945 4431 et
968 4373 1111 4432 futilitate
1134 4369 1362 4435 distinctionum

201 4473 301 4532 labem
316 4468 474 4554 quandam
486 4467 697 4551 philosophias
712 4485 910 4553 asperserant.
933 4477 984 4534 Ex
995 4473 1104 4556 quibus
1115 4474 1204 4534 rebus
1220 4475 1362 4537 effectum

202 4584 261 4652 est,
289 4585 324 4635 nt
345 4577 556 4636 Romanorum
573 4575 661 4634 multi
680 4571 891 4655 philosophiae
912 4575 1013 4636 studia
1029 4588 1063 4637 nt
1081 4579 1246 4639 otiosorum
1265 4581 1361 4640 Grae-
