3450 5334
337 531 382 600 00
442 531 721 598 committi
740 535 782 595 111
807 533 975 596 nonam
995 533 1125 594 EPIST.
1144 533 1255 593 mm.
1276 533 1355 592 nm.
1375 536 1401 594 1.

339 706 475 780 xxvul,
490 703 596 779 5-—8.,
615 724 693 786 quae
707 723 789 764 nnnc
802 706 883 785 typis
898 705 1025 785 repetita
1038 705 1183 782 leguntur
1193 704 1226 761 in
1240 701 1336 781 ejusd.
1351 701 1503 778 „Samm-

340 807 419 886 luog
442 806 554 865 klsiuer
578 806 756 886 Schnjten“
780 819 835 866 etc.
871 808 966 866 Giins.
991 807 1082 870 1836·
1124 808 1160 865 N.
1188 808 1255 880 12,
1281 825 1340 864 von
1361 804 1501 864 Bolon:

346 906 438 966 (siber
447 907 577 968 Haridal
592 908 660 968 urtd
670 909 842 991 Seluffahrt
857 909 910 967 des
925 909 1008 967 alan
1022 909 1147 968 Indiam
1158 910 1192 966 in
1205 907 1259 966 der
1273 909 1302 969 1·
1317 906 1506 987 Sammltmg

341 1009 395 1070 der
414 1011 526 1070 Histor.
551 1033 582 1070 u.
604 1014 696 1072 Liter.
738 1009 985 1092 Abhnndlungen
1009 1010 1063 1070 der
1080 1008 1198 1089 konigl.
1220 1006 1359 1067 deutsch.
1380 1011 1505 1070 Gesell-

340 1111 439 1174 schait
454 1133 493 1171 zu
505 1115 704 1194 lliinigsberg.
726 1112 799 1172 ibid.
819 1113 912 1178 1830.
953 1112 1041 1172 Idem
1056 1116 1089 1172 in
1106 1115 1184 1174 libro
1205 1112 1302 1170 bonae
1321 1112 1416 1190 frugis
1433 1115 1505 1191 ple-

340 1217 485 1276 nissimo:
516 1217 614 1292 „Duc
634 1215 696 1274 ato
717 1215 851 1274 Ιιιιίίιιιιι
870 1227 927 1275 etc.
969 1218 1134 1296 Koenigsb.
1162 1215 1260 1290 1330,
1284 1214 1395 1295 quibu
1421 1213 1504 1272 adda

342 1320 422 1378 llell.
439 1320 573 1398 Allgem.
590 1321 626 1377 1..
642 1321 677 1376 Ζ.
708 1318 798 1382 1835.
818 1339 863 1378 nr.
879 1320 932 1381 81.
951 1340 982 1399 Ρ.
1005 1321 1045 1382 17
1061 1340 1108 1401 sq.
1150 1319 1210 1376 Res
1221 1318 1345 1375 venales
1361 1335 1402 1374 ex
1412 1315 1504 1375 india

341 1423 374 1482 in
386 1423 506 1482 ltaliam
517 1425 653 1503 aliasque
669 1433 763 1480 terras
781 1430 946 1501 asportatas
960 1431 1096 1480 recenset
1109 1430 1228 1500 praeter
1240 1416 1298 1478 hos
1308 1421 1391 1498 ipsos
1406 1417 1504 1498 (Hee-

342 1541 395 1584 ten
408 1527 432 1598 1,
449 1526 480 1586 2.
497 1544 528 1603 Ρ.
540 1522 630 1602 460.)
654 1525 760 1582 Mauso
777 1525 835 1582 11.
849 1543 880 1602 Ρ.
891 1523 965 1585 383.
982 1532 1074 1603 atque
1090 1525 1123 1580 in
1141 1523 1243 1582 Verm.
1258 1520 1422 1580 Athandt.
1436 1521 1506 1580 uod

342 1625 505 1705 Aussdtre.
548 1627 644 1684 Bresl.
674 1624 765 1690 1821.
784 1647 816 1705 p·
840 1625 904 1688 265
928 1643 995 1705 sqq.
1048 1627 1146 1684 Locos
1168 1627 1285 1706 aliquot
1312 1645 1352 1684 ex
1372 1629 1501 1685 Roman.

342 1729 440 1808 poetis
453 1728 519 1807 ipse
535 1729 673 1807 congessi
686 1728 719 1784 in
736 1725 783 1786 ed.
802 1730 831 1791 1.
844 1749 875 1808 Ρ.
886 1723 938 1789 44.
981 1726 1027 1785 cf.
1043 1729 1164 1787 Dissen.
1181 1727 1220 1786 ad
1234 1729 1306 1787 Tib.
1325 1730 1397 1804 1,1.
1412 1731 1503 1808 ΡΜ.

426 1833 462 1891 V·
476 1827 529 1893 47.
549 1827 600 1893 48.
642 1829 694 1888 Ne
708 1849 792 1888 cures
813 1863 857 1874 -
881 1849 942 1888 non
956 1829 1027 1887 vis?
1067 1831 1117 1888 Ex
1135 1833 1285 1889 sententia
1303 1833 1444 1890 Lambini
1463 1850 1505 1889 ne

342 1930 373 1990 h.
388 1932 412 1992 l.
430 1935 512 1992 valet
527 1942 562 1990 ut
574 1951 657 2002 non,
673 1942 708 1990 ut
722 1931 774 1990 hic
790 1932 953 1992 verborum
969 1929 1043 1990 ordo
1063 1933 1121 1990 sit:
1138 1952 1201 1990 nou
1217 1936 1265 1990 vis
1279 1932 1391 1992 desem
1406 1967 1450 1978 -
1464 1953 1505 1991 ne

343 2055 428 2094 curas
448 2037 512 2094 ie.
534 2045 569 2094 ut
588 2034 707 2095 desinas
727 2053 846 2110 curare,
872 2054 952 2116 qnae
972 2031 1041 2093 -7
1084 2035 1172 2107 Quod
1192 2054 1368 2119 quanquam
1385 2036 1505 2093 abusu

344 2139 508 2198 Horatiano
520 2157 582 2198 non
599 2157 720 2218 prorsus
739 2134 881 2196 abhorret
903 2135 980 2214 (vid.
993 2135 1132 2197 lloched.
1148 2133 1188 2195 ad
1200 2140 1237 2196 Δ.
1255 2141 1290 2197 Ρ.
1307 2138 1410 2214 152),
1433 2155 1505 2194 rna-

343 2241 401 2300 lim
417 2251 520 2300 tamen
535 2243 701 2321 paniculae
718 2260 756 2297 ne
773 2260 862 2299 suam
881 2259 1000 2298 serrare
1019 2237 1201 2320 prohibendi
1217 2240 1268 2299 vel
1288 2238 1411 2297 vetandi
1428 2241 1502 2298 vim.

343 2345 438 2402 Poeta
452 2344 534 2400 enlm
548 2340 587 2401 ad
599 2343 708 2419 verba,
729 2362 808 2424 quae
822 2363 872 2402 vv.
889 2339 931 2404 43
947 2362 1014 2423 sqq.
1029 2341 1228 2417 antecedunt,
1248 2345 1427 2423 respiciens,
1443 2340 1505 2401 hoc

344 2445 427 2504 out:
453 2447 517 2520 „Ac
534 2463 590 2519 na,
613 2455 649 2502 ut
665 2456 814 2506 mercator
831 2447 886 2504 ille
908 2445 1034 2526 ejusque
1052 2447 1187 2519 similes,
1209 2447 1262 2525 qui
1275 2465 1400 2506 ornnem
1414 2446 1505 2505 labo-

345 2565 411 2605 rem
424 2547 513 2604 rebus
529 2546 670 2604 inanibus
688 2543 886 2625 impendunt,
906 2545 1017 2606 stolida
1034 2548 1144 2606 talium
1161 2567 1262 2606 rerum
1277 2545 1442 2628 cupiditate
1457 2550 1505 2606 as·

344 2647 469 2724 ficietis,
494 2667 557 2706 non
570 2649 616 2706 vis
631 2667 667 2706 ea
680 2667 877 2728 cognoscere,
902 2668 980 2730 quae
1003 2651 1059 2708 illa
1079 2651 1159 2709 bona
1182 2653 1203 2708 i.
1219 2671 1246 2708 e.
1275 2649 1395 2710 divitias
1412 2660 1506 2732 atqua

345 2746 474 2808 honores
485 2749 572 2808 flocci
581 2752 681 2809 facere
696 2771 753 2810 nos
772 2749 931 2811 docenti“
967 2751 1089 2812 Audin
1101 2764 1205 2811 autern
1218 2773 1279 2812 non
1297 2764 1344 2812 est
1359 2751 1506 2834 hysteron

345 2861 497 2931 proteron,
509 2862 546 2910 ut
558 2856 601 2912 ait
614 2851 783 2914 Scholiasta
798 2855 939 2934 Oruqnii,
957 2853 1012 2913 sed
1024 2853 1180 2914 anthabet
1193 2858 1350 2914 notionem
1366 2857 1504 2936 obsequii

346 2951 475 3034 (Donat.
497 2951 537 3012 ad
559 2956 684 3015 Terent.
708 2959 786 3015 Eun.
808 2957 846 3031 2,
871 2957 911 3033 3,
932 2960 984 3020 79.
1007 2960 1070 3018 Cic.
1097 2961 1196 3039 Epist.
1215 2957 1256 3016 ad
1266 2959 1336 3018 liis.
1354 2962 1392 3034 2,
1414 2963 1454 3034 7,
1473 2960 1506 3020 2.

346 3052 457 3118 ochsn.
482 3053 523 3114 ad
543 3055 630 3115 ovid.
649 3059 722 3116 Met.
744 3060 786 3133 2,
812 3057 908 3138 499.)
937 3071 991 3119 aut
1016 3063 1173 3137 Horatius,
1206 3063 1259 3142 qui
1281 3059 1321 3118 ad
1341 3063 1508 3140 φιληκοΐαν

346 3153 537 3232 adhortatur,
559 3159 714 3220 vocabulis
731 3157 868 3238 ejusdem
884 3161 948 3220 fere
967 3163 1193 3241 significationis
1219 3165 1328 3236 utitur,
1348 3172 1383 3219 ut
1398 3162 1508 3220 andus

346 3261 387 3322 slt
405 3258 533 3320 verbum
548 3260 581 3318 in
600 3258 659 3320 hac
681 3281 714 3320 re
734 3263 967 3323 usitatissimum
986 3275 1017 3322 et
1037 3265 1152 3326 discere
1169 3267 1284 3324 volenti
1301 3268 1507 3324 necessarium

348 3358 423 3449 (vid.
441 3363 546 3420 Arntz.
568 3361 608 3420 ad
630 3364 695 3423 (iat.
710 3365 787 3422 Dist·
811 3365 865 3424 lib.
884 3371 914 3431 2.
936 3367 1063 3447 praefat.
1080 3388 1109 3425 v.
1131 3371 1182 3433 10.
1200 3389 1232 3448 Ρ.
1246 3366 1349 3447 110),
1373 3385 1508 3447 quocum

346 3463 424 3526 bena
438 3464 578 3522 convenit
595 3465 713 3524 meliert
732 3466 849 3524 aedan
867 3470 889 3526 i.
912 3491 939 3528 e.
961 3472 1137 3549 sapientiori
1153 3491 1186 3530 sa
1209 3469 1347 3544 credere,
1375 3481 1410 3529 ut
1430 3474 1507 3529 scite

346 3565 480 3644 explicat
495 3563 595 3624 lland.
617 3567 658 3626 ad
672 3565 789 3648 Wopk.
812 3572 910 3629 Leott.
928 3573 1013 3631 Tull.
1041 3593 1072 3653 Ρ.
1095 3571 1167 3637 149.
1211 3575 1263 3634 Sic
1280 3575 1378 3653 Epist
1396 3575 1433 3648 2,
1450 3573 1506 3636 68·

347 3687 430 3726 nune
445 3680 474 3726 te
484 3663 657 3728 macrino
669 3667 745 3750 offer
751 3691 765 3744 ,·
786 3671 847 3731 nisi
865 3676 934 3754 quis
947 3677 1036 3734 malit
1049 3696 1142 3737 sensu
1153 3678 1252 3755 magis
1268 3676 1452 3734 Graecorum
1463 3676 1507 3732 il-

347 3767 402 3828 lud
415 3770 619 3852 interpretari:
641 3771 807 3836 astarem
820 3779 862 3860 spi
882 3778 1027 3858 βελτίονι,
1057 3781 1135 3839 Plat.
1150 3781 1241 3859 Apol.
1263 3779 1347 3838 Scor.
1362 3797 1389 3834 c.
1405 3778 1455 3840 17.
1469 3778 1508 3835 Β.

347 3872 497 3956 Quicquid
513 3883 568 3946 est,
580 3870 716 3932 audendi
727 3878 864 3953 verbnm,
885 3879 968 3961 quod
975 3881 1109 3943 Gesnero
1122 3879 1380 3940 vehementiorem
1395 3877 1509 3938 habere

348 3983 394 4064 est
404 3975 505 4034 visum
519 3983 550 4032 et
568 3973 714 4032 acriorem
729 3973 984 4056 cohortationem,
1005 3980 1037 4042 h.
1050 3985 1074 4043 l.
1088 3983 1176 4043 raldo
1191 3982 1344 4062 displicet.
1383 3985 1510 4042 Etenim

348 4082 383 4130 ut
396 4075 502 4138 audin
515 4075 661 4137 leviorem
675 4095 769 4157 quam
787 4079 900 4139 &acere
917 4079 1029 4143 habeat
1042 4085 1271 4166 significationis
1292 4087 1374 4161 vim,
1398 4087 1508 4167 optimi

347 4175 506 4254 scriptores
519 4177 552 4235 in
566 4179 775 4240 coacervandis
794 4183 910 4258 verbis,
934 4185 1043 4265 quibus
1057 4184 1096 4243 ad
1109 4184 1356 4266 persuadendum
1370 4198 1509 4263 utuntur,

348 4294 438 4355 saepe
454 4277 656 4357 perturbatius
671 4281 745 4340 talia
759 4280 937 4360 effundunt,
962 4285 1026 4345 vid.
1041 4287 1122 4348 cort.
1137 4287 1178 4347 ad
1195 4289 1323 4349 Sallust.
1341 4289 1406 4349 Cat.
1419 4289 1457 4364 6,
1475 4292 1510 4354 5.

350 4386 381 4436 et
392 4378 490 4439 Beier.
506 4377 547 4438 ad
555 4380 617 4440 cte.
632 4381 691 4441 off.
701 4381 733 4458 3,
748 4381 801 4446 83.
814 4405 845 4464 Ρ.
856 4384 931 4451 414.
956 4391 1024 4448 Huc
1040 4388 1171 4466 accedit,
1191 4389 1277 4472 quod
1287 4393 1391 4466 Poeta,
1410 4411 1510 4472 quum

349 4481 484 4560 σπουδῆς
497 4477 568 4555 ἄξια
586 4501 754 4562 proponere
768 4485 880 4563 vallet,
902 4483 950 4548 his
972 4491 1047 4569 ipsis
1065 4493 1164 4553 verbis
1179 4493 1319 4552 allusisse
1332 4491 1453 4552 videtm
1467 4493 1511 4554 ad

348 4579 437 4639 illum
452 4581 658 4643 Romanorum
680 4604 810 4664 morem,
833 4607 896 4670 quo
905 4590 1034 4668 juvenes
1053 4590 1209 4653 advirum
1223 4591 1378 4675 quendm
1393 4594 1511 4673 princi-
