3450 5334
364 513 429 581 372
471 517 756 579 coaptantem!
777 519 821 579 IN
841 516 1013 582 HORlel
1034 518 1111 581 LlB.
1125 518 1149 579 1.
1164 516 1289 581 EPIST.
1303 518 1415 581 sm
1459 520 1526 585 100

449 705 485 763 V.
507 706 594 767 37-
605 706 658 768 39.
705 705 804 783 Saepe
822 736 865 753 ·-
885 705 994 765 laetae.
1038 706 1206 766 Sententia:
1223 706 1343 783 „Quam
1362 706 1449 784 longe
1468 706 1524 767 ab·

365 810 420 868 sim
437 806 474 866 ab
495 810 560 867 istis
581 809 688 867 divitiis
708 807 888 886 pluriumque
910 808 1023 883 studio,
1057 814 1089 869 tu
1108 811 1215 888 optimc
1237 808 1314 867 nosti
1332 828 1434 887 meque
1453 816 1524 869 boae

365 910 528 970 liberalitati
550 918 639 987 atque
657 909 822 969 humanitati
849 908 1051 967 beneficiorum
1069 910 1181 969 vinculo
1205 908 1363 988 obligatum
1382 928 1523 989 praeseus

364 1012 527 1088 absensque
544 1013 692 1089 professus
710 1032 791 1088 sum,
819 1018 849 1069 et
871 1018 968 1069 tamen
985 1014 1132 1089 experire,
1163 1032 1231 1071 num
1251 1011 1349 1069 netur
1369 1012 1523 1071 restituere

364 1134 440 1191 qaae
467 1114 572 1173 dedisti
601 1114 746 1191 queam.“
794 1112 880 1171 Haud
905 1114 1084 1173 incommode
1116 1113 1291 1173 Groebelr'ns
1316 1114 1523 1171 sententiarum

365 1218 495 1275 ordinem
516 1216 559 1273 sie
580 1217 738 1275 constituit:
758 1215 845 1291 „lloc
867 1232 913 1273 me
934 1232 1001 1272 uere
1018 1220 1048 1273 et
1068 1234 1102 1275 ex
1120 1216 1214 1275 animo
1230 1214 1319 1292 loqui,
1340 1216 1396 1273 scis
1409 1222 1453 1291 tu,
1473 1213 1521 1293 qm'

365 1339 412 1377 me
431 1320 539 1396 optime
557 1317 659 1375 uoris“
675 1322 731 1374 etc.
773 1316 810 1375 V.
825 1316 878 1377 37.
897 1316 1112 1387 verecundum,
1130 1324 1163 1375 ut
1178 1316 1240 1375 Cic.
1257 1315 1329 1376 Phil.
1346 1320 1398 1393 12,
1417 1315 1449 1393 6,
1469 1317 1521 1379 11.

366 1420 646 1477 verecundioremne
666 1438 769 1477 corone
785 1428 934 1495 putamus
955 1418 986 1473 in
1000 1417 1184 1495 postulando
1195 1418 1289 1497 sore,
1317 1438 1411 1498 qnam
1421 1416 1524 1497 suerit

366 1534 431 1581 tum
440 1566 453 1593 ,
475 1543 570 1602 qunm
585 1521 669 1579 misit
689 1519 838 1577 mundata
858 1519 1083 1579 aduenarum?
1103 1521 1147 1579 lta
1168 1522 1306 1581 Horatius
1328 1521 1388 1579 od.
1411 1526 1448 1598 2,
1469 1520 1520 1596 18,

369 1629 418 1691 12.
439 1646 494 1681 nee
509 1634 661 1702 potentem
681 1625 814 1679 amicum
834 1622 988 1697 largiora
1006 1622 1142 1701 flagito,
1179 1624 1262 1682 Satis
1289 1622 1394 1681 beans
1425 1624 1522 1681 unicis

370 1726 503 1787 Sabinis.
547 1727 632 1785 Conf.
652 1726 747 1804 Epod.
769 1727 799 1800 1,
815 1724 868 1787 31.
911 1725 969 1783 Od.
988 1724 1021 1800 3,
1046 1725 1096 1801 16,
1119 1726 1170 1790 26.
1188 1726 1241 1788 38.
1284 1725 1347 1783 Sat.
1366 1725 1398 1800 1,
1418 1724 1451 1800 6,
1469 1724 1519 1785 98

366 1834 405 1907 2,
421 1832 458 1906 6,
480 1828 511 1892 4.
533 1864 577 1873 -
595 1862 635 1875 -
659 1846 768 1905 rexque
784 1836 941 1904 paterque.
988 1825 1030 1885 Ut
1045 1829 1144 1904 putris
1164 1827 1320 1907 appellatio
1340 1826 1465 1887 catinos
1486 1843 1521 1883 ac

366 1932 557 1992 verecundiae
583 1931 697 2008 signnm
723 1936 770 1987 est
793 1927 865 2003 (vid.
886 1928 922 1984 ad
939 1928 977 2002 6,
1007 1924 1091 2005 54),
1120 1930 1161 1989 ita
1183 1928 1434 2008 regredientium.
1476 1927 1523 1987 lta

364 2035 461 2113 Epist.
482 2036 541 2109 17,
570 2032 622 2097 43.
671 2032 781 2089 Coram
802 2048 873 2109 rege
893 2050 948 2086 suo
969 2027 1006 2086 ds
1022 2042 1202 2109 paupertate
1223 2040 1353 2091 meeum
1374 2030 1452 2089 Plus
1466 2029 1521 2108 se-

366 2147 442 2194 rent.
487 2134 575 2194 Mart.
596 2138 632 2211 2,
654 2135 714 2210 68,
740 2136 769 2195 1.
818 2132 909 2208 Quod
927 2142 955 2187 te
976 2132 1095 2191 nomine
1105 2138 1179 2207 jam
1200 2146 1251 2193 tuo
1271 2132 1393 2204 saluto,
1427 2132 1521 2209 Quem

366 2257 467 2317 regern
486 2247 515 2293 et
534 2236 690 2293 dominum
703 2234 792 2311 prino
810 2232 958 2291 vocabam
979 2240 1036 2291 etc.
1079 2234 1122 2295 Id.
1144 2235 1180 2314 6,
1204 2235 1263 2313 19,
1288 2236 1337 2299 13.
1380 2236 1521 2293 Luxuria

366 2351 424 2411 eut,
443 2338 611 2415 imnidtque
626 2345 738 2393 vocant
752 2335 828 2393 leaeo
846 2354 974 2393 munera
994 2354 1086 2412 reges.
1131 2336 1175 2397 ld.
1197 2336 1229 2415 4,
1251 2333 1304 2413 84,
1323 2336 1354 2399 5.
1399 2336 1521 2395 Sollici-

366 2454 416 2499 tne
442 2441 556 2499 donus:
593 2436 750 2495 dominum
774 2456 932 2515 regemque
958 2434 1086 2499 saltetur.
1133 2438 1258 2499 Tertull.
1285 2441 1351 2499 adv.
1381 2438 1519 2499 Marcion.

366 2548 406 2619 2,
431 2544 483 2607 22.
510 2542 539 2597 ei
562 2538 655 2597 cliens
680 2537 770 2595 divio
794 2549 852 2597 out
871 2539 937 2616 regi
957 2546 1013 2597 etc.
1057 2538 1120 2599 vid.
1150 2561 1224 2618 quos
1247 2542 1301 2601 hac
1327 2543 1364 2601 de
1388 2562 1420 2601 re
1441 2542 1521 2621 larga

366 2660 452 2702 mauu
472 2640 658 2719 suppeditant
676 2638 802 2697 Schmid.
823 2644 862 2701 ad
883 2643 911 2701 h.
934 2642 954 2701 l.
977 2640 1104 2701 Seebud.
1126 2645 1155 2701 iu
1175 2643 1367 2721 „Scholieu“
1397 2644 1419 2703 Ι.
1439 2664 1470 2723 p.
1490 2647 1521 2708 8.

365 2776 409 2789 -
426 2742 556 2801 Audiui
575 2762 691 2812 coram,
712 2749 744 2801 ut
764 2743 815 2820 16,
836 2746 888 2810 17.
911 2752 941 2803 et
959 2743 1065 2803 Graeci
1087 2736 1223 2807 duodece.
1270 2746 1356 2805 Cous.
1374 2745 1476 2807 Lamb.
1492 2754 1523 2807 et

366 2846 493 2907 Schmid.
514 2877 556 2889 —
576 2842 665 2903 verbo
681 2847 824 2922 parcius,
842 2854 876 2907 ut
896 2846 1018 2907 Terent.
1039 2844 1154 2905 Phorm.
1180 2850 1211 2923 1,
1234 2844 1265 2923 4,
1288 2850 1340 2915 20.
1362 2848 1451 2909 uerbo
1471 2870 1523 2909 ex·

362 2948 451 3027 pedi,
471 2948 551 3024 quod
570 2946 694 3007 barbare
715 2948 814 3008 dieunt
830 2970 892 3009 nno
914 2948 1013 3009 verbo.
1045 2980 1089 2995 --
1119 2948 1154 3006 V.
1173 2948 1226 3009 39.
1270 2948 1393 3029 Imps'ce
1413 2984 1455 2997 ·-
1474 2972 1523 3009 re-

364 3068 485 3131 ponere.
530 3048 613 3108 Hunc
641 3049 854 3113 similitudinem
878 3050 1053 3111 Schmidiue
1080 3056 1160 3111 recte
1186 3068 1205 3109 a
1229 3050 1329 3111 codice
1358 3056 1468 3133 accepti
1492 3060 1523 3115 et

367 3151 486 3231 expensi
507 3158 650 3227 sumptam
675 3154 809 3229 opinatur
826 3155 857 3212 in
878 3174 941 3213 eam
959 3174 1021 3213 rern
1038 3155 1076 3212 de
1099 3151 1187 3212 uerbo
1208 3153 1388 3230 respiciendi
1402 3152 1522 3213 laudans

368 3254 442 3315 Plia.
457 3253 553 3332 Epist.
570 3253 621 3329 10,
638 3254 690 3315 57.
705 3250 785 3332 (49.)
805 3262 836 3315 ct
856 3257 893 3315 de
915 3276 943 3313 v.
958 3256 1121 3333 reponendi
1140 3262 1256 3333 practer
1276 3253 1358 3316 locus
1374 3256 1436 3333 jam
1457 3256 1523 3315 olim

368 3357 501 3416 laudatos
517 3354 611 3412 Plaut.
634 3351 715 3411 Pers.
736 3356 766 3430 1,
789 3357 824 3431 1,
841 3356 895 3419 38.
938 3358 1041 3416 Senec.
1061 3359 1098 3417 de
1116 3358 1243 3417 Benefic.
1266 3353 1304 3433 4,
1329 3357 1381 3423 32.
1405 3357 1470 3419 Juv.
1493 3362 1522 3435 1,

372 3462 403 3523 1.
424 3456 507 3537 (rbiq.
526 3451 641 3530 fletur.)
682 3455 785 3513 Senec.
807 3455 844 3516 de
863 3458 901 3517 It.
924 3462 953 3535 1,
975 3460 1006 3523 3.
1028 3458 1140 3517 doloris
1160 3458 1336 3537 reponendi,
1355 3460 1403 3519 ubi
1424 3461 1455 3519 in
1475 3478 1523 3519 aa·

370 3563 437 3620 dem
457 3577 490 3617 re
506 3555 643 3617 Lactaut.
662 3555 699 3613 de
716 3556 755 3616 lr.
798 3557 855 3619 Dei
878 3561 930 3625 17.
949 3560 1140 3640 rependendi.
1187 3560 1270 3620 Adde
1287 3560 1361 3621 Tac.
1377 3560 1454 3623 Anu.
1474 3564 1523 3639 16,

373 3662 423 3725 13.
445 3669 482 3717 ut
501 3659 615 3716 amnuo
635 3654 704 3714 urbi
723 3673 910 3734 reponerent,
929 3685 1023 3743 qnam
1035 3664 1198 3743 peenrn'am
1214 3662 1437 3741 Lugdunenses
1455 3676 1524 3725 ante

370 3760 541 3822 obtulerant
554 3756 684 3817 herbidis
697 3758 836 3835 caetham
858 3764 963 3824 Senec.
977 3768 1072 3845 Epist.
1086 3765 1138 3828 81.
1183 3762 1344 3824 Particulae
1359 3767 1389 3823 εἰ
1399 3786 1463 3827 cum
1476 3768 1523 3829 lu·

371 3864 495 3923 dativo
505 3864 621 3940 junctae
633 3877 715 3918 usum
726 3858 853 3938 pluribus
869 3866 1128 3927 vindicatidemvir
1144 3864 1186 3940 d.,
1201 3866 1276 3925 adde
1283 3866 1523 3929 EllendtadCic.

371 3968 455 4027 Brut.
469 3961 523 4042 49,
539 3958 611 4027 184.
632 3961 658 4020 F
660 3960 753 4040 urbig.
769 3966 807 4023 ed
822 3967 901 4046 Virg.
912 3968 985 4027 Aen.
996 3973 1025 4045 1,
1042 3970 1115 4031 577.
1159 3966 1240 4025 Dias.
1255 3967 1371 4029 adTib.
1381 3970 1413 4047 3,
1430 3970 1524 4048 1,19.

457 4066 492 4125 V.
512 4064 556 4129 40
568 4099 613 4111 -
626 4062 679 4126 44.
721 4066 824 4126 Hand
839 4070 920 4129 male
936 4103 980 4117 -
996 4071 1176 4149 relinquam.
1221 4070 1316 4139 Quam
1337 4070 1447 4143 laetus,
1467 4074 1486 4131 i.
1498 4092 1524 4131 e.

373 4189 460 4250 quam
482 4188 549 4227 vere
568 4168 738 4246 sincereque
754 4170 823 4229 illud
846 4174 885 4231 sit
911 4174 1057 4248 tacturus,
1094 4178 1195 4248 utpote
1218 4174 1263 4230 cui
1286 4191 1457 4251 persuasum
1477 4175 1525 4251 sit,

374 4292 448 4351 quae
469 4273 533 4349 quis
553 4288 622 4329 suae
643 4278 762 4330 naturae
778 4293 837 4332 nou
858 4276 1009 4334 convenire
1032 4274 1217 4351 cognoverit,
1249 4291 1285 4331 ea
1301 4276 1450 4353 sequenda
1468 4294 1525 4335 non

376 4394 459 4451 esse,
476 4377 536 4451 jam
555 4371 720 4432 Telemachi
742 4376 872 4455 exemplo
890 4376 1041 4454 siguificat.
1084 4375 1174 4434 Cous.
1193 4375 1245 4435 Fr.
1267 4375 1385 4437 Jacobs.
1403 4398 1433 4457 p.
1453 4378 1523 4443 115.

377 4508 420 4521 -
437 4473 537 4538 240.
554 4475 710 4551 patientis·
730 4474 942 4551 uolurluioroc,
965 4470 1203 4557 nolurlq‘povoe,
1224 4480 1458 4560 ταλασίφρονος.
1478 4481 1525 4539 Sic

376 4576 471 4655 Epod.
490 4578 541 4652 17,
560 4578 612 4638 16.
634 4575 808 4644 laboriosus.
855 4582 997 4661 Epithetis
1016 4583 1090 4642 enim
1104 4583 1251 4661 perpetuis
1267 4581 1298 4641 id
1316 4584 1394 4662 quod
1409 4584 1526 4645 maxime
