<?xml version="1.0" encoding="UTF-8"?>
<!DOCTYPE html PUBLIC "-//W3C//DTD XHTML 1.0 Transitional//EN"
    "http://www.w3.org/TR/xhtml1/DTD/xhtml1-transitional.dtd">
<html xmlns="http://www.w3.org/1999/xhtml" xml:lang="en" lang="en">
 <head>
  <title>
</title>
<meta http-equiv="Content-Type" content="text/html;charset=utf-8" />
  <meta name='ocr-system' content='tesseract 3.04.00' />
  <meta name='ocr-capabilities' content='ocr_page ocr_carea ocr_par ocr_line ocrx_word'/>
</head>
<body>
  <div class='ocr_page' id='page_1' title='image "./quintihoratiifl01schmgoog/quintihoratiifl01schmgoog_0026.png"; bbox 0 0 3450 5334; ppageno 0'>
   <div class='ocr_carea' id='block_1_1' title="bbox 386 507 1115 592">
    <p class='ocr_par' dir='ltr' id='par_1_1' title="bbox 386 507 1115 592">
     <span class='ocr_line' id='line_1_1' title="bbox 386 507 1115 592; baseline -0.001 0"><span class='ocrx_word' id='word_1_1' title='bbox 386 544 434 592; x_wconf 78' lang='lat' dir='ltr'>u</span> <span class='ocrx_word' id='word_1_2' title='bbox 494 507 500 518; x_wconf 88' lang='lat'><em>&#39;</em></span> <span class='ocrx_word' id='word_1_3' title='bbox 818 520 1115 591; x_wconf 83' lang='lat' dir='ltr'><strong>runnrnrto.</strong></span> 
     </span>
    </p>
   </div>
   <div class='ocr_carea' id='block_1_2' title="bbox 381 721 1682 822">
    <p class='ocr_par' dir='ltr' id='par_1_2' title="bbox 381 721 1682 822">
     <span class='ocr_line' id='line_1_2' title="bbox 381 721 1682 822; baseline -0.002 -26"><span class='ocrx_word' id='word_1_4' title='bbox 381 726 557 816; x_wconf 77' lang='lat' dir='ltr'><strong>Jeotionem</strong></span> <span class='ocrx_word' id='word_1_5' title='bbox 571 723 627 796; x_wconf 83' lang='lat' dir='ltr'><strong>vol</strong></span> <span class='ocrx_word' id='word_1_6' title='bbox 638 723 814 820; x_wconf 76' lang='lat' dir='ltr'><strong>rogitando</strong></span> <span class='ocrx_word' id='word_1_7' title='bbox 831 727 893 796; x_wconf 86' lang='lat' dir='ltr'><strong>sibi</strong></span> <span class='ocrx_word' id='word_1_8' title='bbox 906 725 1031 822; x_wconf 77' lang='lat' dir='ltr'><strong>lingunt</strong></span> <span class='ocrx_word' id='word_1_9' title='bbox 1043 724 1157 798; x_wconf 88' lang='lat' dir='ltr'><strong>talium</strong></span> <span class='ocrx_word' id='word_1_10' title='bbox 1173 725 1346 820; x_wconf 74' lang='lat' dir='ltr'><strong>imaginem</strong></span> <span class='ocrx_word' id='word_1_11' title='bbox 1357 730 1455 816; x_wconf 78' lang='lat' dir='ltr'><strong>oque</strong></span> <span class='ocrx_word' id='word_1_12' title='bbox 1470 721 1549 794; x_wconf 87' lang='lat' dir='ltr'><strong>ior·</strong></span> <span class='ocrx_word' id='word_1_13' title='bbox 1681 806 1682 809; x_wconf 8' lang='grc' dir='ltr'><strong>Ἴ</strong></span> 
     </span>
    </p>
   </div>
   <div class='ocr_carea' id='block_1_3' title="bbox 387 861 1551 2057">
    <p class='ocr_par' dir='ltr' id='par_1_3' title="bbox 387 861 1551 2057">
     <span class='ocr_line' id='line_1_3' title="bbox 387 861 1551 958; baseline -0.002 -25"><span class='ocrx_word' id='word_1_14' title='bbox 387 883 485 933; x_wconf 88' lang='lat' dir='ltr'><strong>mam.</strong></span> <span class='ocrx_word' id='word_1_15' title='bbox 516 861 564 934; x_wconf 82' lang='lat' dir='ltr'><strong>At</strong></span> <span class='ocrx_word' id='word_1_16' title='bbox 584 864 614 932; x_wconf 88' lang='lat' dir='ltr'><strong>si</strong></span> <span class='ocrx_word' id='word_1_17' title='bbox 633 862 697 934; x_wconf 88' lang='lat' dir='ltr'><strong>hoo</strong></span> <span class='ocrx_word' id='word_1_18' title='bbox 710 861 807 936; x_wconf 93' lang='lat' dir='ltr'><strong>modo</strong></span> <span class='ocrx_word' id='word_1_19' title='bbox 819 866 981 958; x_wconf 77' lang='lat' dir='ltr'><strong>interpres</strong></span> <span class='ocrx_word' id='word_1_20' title='bbox 994 864 1149 936; x_wconf 87' lang='lat' dir='ltr'><strong>nonnulla</strong></span> <span class='ocrx_word' id='word_1_21' title='bbox 1165 871 1201 936; x_wconf 91' lang='lat' dir='ltr'><strong>et</strong></span> <span class='ocrx_word' id='word_1_22' title='bbox 1217 862 1272 933; x_wconf 86' lang='lat' dir='ltr'><strong>rel</strong></span> <span class='ocrx_word' id='word_1_23' title='bbox 1285 861 1551 956; x_wconf 77' lang='lat' dir='ltr'><strong>plurimaseannr</strong></span> 
     </span>
     <span class='ocr_line' id='line_1_4' title="bbox 387 995 1551 1096; baseline -0.004 -26"><span class='ocrx_word' id='word_1_24' title='bbox 387 998 471 1094; x_wconf 84' lang='lat' dir='ltr'><strong>lert,</strong></span> <span class='ocrx_word' id='word_1_25' title='bbox 501 1019 583 1092; x_wconf 88' lang='lat' dir='ltr'><strong>quae</strong></span> <span class='ocrx_word' id='word_1_26' title='bbox 608 999 780 1096; x_wconf 50' lang='lat' dir='ltr'><strong>‚andacri</strong></span> <span class='ocrx_word' id='word_1_27' title='bbox 809 999 961 1072; x_wconf 75' lang='lat' dir='ltr'><strong>diseunt</strong></span> <span class='ocrx_word' id='word_1_28' title='bbox 982 1011 1019 1073; x_wconf 87' lang='lat' dir='ltr'><strong>et</strong></span> <span class='ocrx_word' id='word_1_29' title='bbox 1042 1009 1165 1071; x_wconf 81' lang='lat' dir='ltr'><strong>ament</strong></span> <span class='ocrx_word' id='word_1_30' title='bbox 1189 996 1393 1069; x_wconf 70' lang='lat' dir='ltr'><strong><em>meminisse</em></strong></span> <span class='ocrx_word' id='word_1_31' title='bbox 1408 995 1551 1091; x_wconf 81' lang='lat' dir='ltr'><strong>perita&#39;“</strong></span> 
     </span>
     <span class='ocr_line' id='line_1_5' title="bbox 387 1135 1551 1234; baseline -0.003 -26"><span class='ocrx_word' id='word_1_32' title='bbox 387 1138 458 1230; x_wconf 86' lang='lat' dir='ltr'><strong>qnia</strong></span> <span class='ocrx_word' id='word_1_33' title='bbox 473 1143 544 1230; x_wconf 84' lang='lat' dir='ltr'><strong>est,</strong></span> <span class='ocrx_word' id='word_1_34' title='bbox 573 1139 625 1229; x_wconf 91' lang='lat' dir='ltr'><strong>qui</strong></span> <span class='ocrx_word' id='word_1_35' title='bbox 641 1157 715 1210; x_wconf 90' lang='lat' dir='ltr'><strong>eum</strong></span> <span class='ocrx_word' id='word_1_36' title='bbox 736 1135 976 1234; x_wconf 62' lang='lat' dir='ltr'><strong>reprehendat?</strong></span> <span class='ocrx_word' id='word_1_37' title='bbox 1011 1138 1218 1233; x_wconf 73' lang='lat' dir='ltr'><strong>Quapropter</strong></span> <span class='ocrx_word' id='word_1_38' title='bbox 1229 1156 1430 1230; x_wconf 73' lang='lat' dir='ltr'><strong>magnopere</strong></span> <span class='ocrx_word' id='word_1_39' title='bbox 1443 1149 1551 1205; x_wconf 59' lang='lat' dir='ltr'><strong>aava</strong></span> 
     </span>
     <span class='ocr_line' id='line_1_6' title="bbox 387 1270 1550 1370; baseline -0.003 -26"><span class='ocrx_word' id='word_1_40' title='bbox 387 1275 451 1369; x_wconf 84' lang='lat' dir='ltr'><strong>bit,</strong></span> <span class='ocrx_word' id='word_1_41' title='bbox 471 1295 532 1368; x_wconf 82' lang='lat' dir='ltr'><strong>ne,</strong></span> <span class='ocrx_word' id='word_1_42' title='bbox 556 1273 631 1345; x_wconf 90' lang='lat' dir='ltr'><strong>dum</strong></span> <span class='ocrx_word' id='word_1_43' title='bbox 644 1275 689 1344; x_wconf 87' lang='lat' dir='ltr'><strong>ad</strong></span> <span class='ocrx_word' id='word_1_44' title='bbox 704 1275 786 1346; x_wconf 91' lang='lat' dir='ltr'><strong>illud</strong></span> <span class='ocrx_word' id='word_1_45' title='bbox 796 1278 1033 1370; x_wconf 84' lang='lat' dir='ltr'><strong>praeseriptum</strong></span> <span class='ocrx_word' id='word_1_46' title='bbox 1049 1276 1220 1369; x_wconf 82' lang='lat' dir='ltr'><strong>„sapienti</strong></span> <span class='ocrx_word' id='word_1_47' title='bbox 1234 1270 1322 1344; x_wconf 85' lang='lat' dir='ltr'><strong>sat“</strong></span> <span class='ocrx_word' id='word_1_48' title='bbox 1340 1293 1447 1368; x_wconf 75' lang='lat' dir='ltr'><strong>agere</strong></span> <span class='ocrx_word' id='word_1_49' title='bbox 1460 1270 1550 1366; x_wconf 86' lang='lat' dir='ltr'><strong>apud</strong></span> 
     </span>
     <span class='ocr_line' id='line_1_7' title="bbox 387 1410 1551 1507; baseline -0.003 -25"><span class='ocrx_word' id='word_1_50' title='bbox 387 1433 426 1482; x_wconf 87' lang='lat' dir='ltr'><strong>se</strong></span> <span class='ocrx_word' id='word_1_51' title='bbox 446 1413 667 1505; x_wconf 69' lang='lat' dir='ltr'><strong>eonstiterit,</strong></span> <span class='ocrx_word' id='word_1_52' title='bbox 699 1413 785 1484; x_wconf 87' lang='lat' dir='ltr'><strong>sieoo</strong></span> <span class='ocrx_word' id='word_1_53' title='bbox 807 1433 910 1507; x_wconf 82' lang='lat' dir='ltr'><strong>saepe</strong></span> <span class='ocrx_word' id='word_1_54' title='bbox 935 1412 1018 1506; x_wconf 88' lang='lat' dir='ltr'><strong>pede</strong></span> <span class='ocrx_word' id='word_1_55' title='bbox 1036 1414 1129 1484; x_wconf 80' lang='lat' dir='ltr'><strong>locos</strong></span> <span class='ocrx_word' id='word_1_56' title='bbox 1159 1410 1356 1482; x_wconf 79' lang='lat' dir='ltr'><strong>difficiliores</strong></span> <span class='ocrx_word' id='word_1_57' title='bbox 1384 1411 1551 1480; x_wconf 74' lang='lat' dir='ltr'><strong>bansiliat</strong></span> 
     </span>
     <span class='ocr_line' id='line_1_8' title="bbox 388 1547 1550 1643; baseline -0.002 -25"><span class='ocrx_word' id='word_1_58' title='bbox 388 1549 518 1640; x_wconf 89' lang='lat' dir='ltr'><strong>altoque</strong></span> <span class='ocrx_word' id='word_1_59' title='bbox 531 1548 702 1641; x_wconf 80' lang='lat' dir='ltr'><strong>supersilio</strong></span> <span class='ocrx_word' id='word_1_60' title='bbox 717 1557 903 1641; x_wconf 87' lang='lat' dir='ltr'><strong>praetereat</strong></span> <span class='ocrx_word' id='word_1_61' title='bbox 913 1571 967 1643; x_wconf 83' lang='lat' dir='ltr'><strong>ea,</strong></span> <span class='ocrx_word' id='word_1_62' title='bbox 991 1571 1125 1641; x_wconf 88' lang='lat' dir='ltr'><strong>quorum</strong></span> <span class='ocrx_word' id='word_1_63' title='bbox 1139 1550 1329 1641; x_wconf 83' lang='lat' dir='ltr'><strong>eomplioata</strong></span> <span class='ocrx_word' id='word_1_64' title='bbox 1342 1549 1431 1618; x_wconf 88' lang='lat' dir='ltr'><strong>notio</strong></span> <span class='ocrx_word' id='word_1_65' title='bbox 1447 1547 1550 1618; x_wconf 84' lang='lat' dir='ltr'><strong>evol-</strong></span> 
     </span>
     <span class='ocr_line' id='line_1_9' title="bbox 387 1684 1550 1779; baseline -0.002 -24"><span class='ocrx_word' id='word_1_66' title='bbox 387 1684 495 1756; x_wconf 78' lang='lat' dir='ltr'><strong>venda</strong></span> <span class='ocrx_word' id='word_1_67' title='bbox 512 1686 587 1755; x_wconf 89' lang='lat' dir='ltr'><strong>erit.</strong></span> <span class='ocrx_word' id='word_1_68' title='bbox 637 1685 675 1754; x_wconf 90' lang='lat' dir='ltr'><strong>ln</strong></span> <span class='ocrx_word' id='word_1_69' title='bbox 690 1706 727 1755; x_wconf 91' lang='lat' dir='ltr'><strong>re</strong></span> <span class='ocrx_word' id='word_1_70' title='bbox 742 1691 852 1756; x_wconf 88' lang='lat' dir='ltr'><strong>antem</strong></span> <span class='ocrx_word' id='word_1_71' title='bbox 866 1689 1006 1758; x_wconf 89' lang='lat' dir='ltr'><strong>obseura</strong></span> <span class='ocrx_word' id='word_1_72' title='bbox 1020 1694 1115 1779; x_wconf 87' lang='lat' dir='ltr'><strong>atque</strong></span> <span class='ocrx_word' id='word_1_73' title='bbox 1128 1688 1253 1758; x_wconf 77' lang='lat' dir='ltr'><strong>inoerta</strong></span> <span class='ocrx_word' id='word_1_74' title='bbox 1266 1707 1379 1758; x_wconf 86' lang='lat' dir='ltr'><strong>errare</strong></span> <span class='ocrx_word' id='word_1_75' title='bbox 1397 1685 1550 1778; x_wconf 80' lang='lat' dir='ltr'>equidem</span> 
     </span>
     <span class='ocr_line' id='line_1_10' title="bbox 388 1822 1548 1915; baseline -0.001 -21"><span class='ocrx_word' id='word_1_76' title='bbox 388 1822 507 1915; x_wconf 81' lang='lat' dir='ltr'><strong>natu,</strong></span> <span class='ocrx_word' id='word_1_77' title='bbox 530 1843 631 1914; x_wconf 87' lang='lat' dir='ltr'><strong>quam</strong></span> <span class='ocrx_word' id='word_1_78' title='bbox 654 1823 854 1912; x_wconf 81' lang='lat' dir='ltr'><strong>oonjeatandi</strong></span> <span class='ocrx_word' id='word_1_79' title='bbox 882 1825 1032 1896; x_wconf 86' lang='lat' dir='ltr'><strong>libertate</strong></span> <span class='ocrx_word' id='word_1_80' title='bbox 1060 1823 1189 1895; x_wconf 78' lang='lat' dir='ltr'><strong>cuilibet</strong></span> <span class='ocrx_word' id='word_1_81' title='bbox 1213 1844 1370 1894; x_wconf 77' lang='lat' dir='ltr'><strong>wnoasaa</strong></span> <span class='ocrx_word' id='word_1_82' title='bbox 1391 1845 1459 1894; x_wconf 91' lang='lat' dir='ltr'><strong>non</strong></span> <span class='ocrx_word' id='word_1_83' title='bbox 1487 1823 1548 1893; x_wconf 79' lang='lat' dir='ltr'><strong>uti.</strong></span> 
     </span>
     <span class='ocr_line' id='line_1_11' title="bbox 388 1957 1550 2057; baseline -0.002 -27"><span class='ocrx_word' id='word_1_84' title='bbox 388 1957 496 2048; x_wconf 62' lang='lat' dir='ltr'><strong>Qum</strong></span> <span class='ocrx_word' id='word_1_85' title='bbox 510 1977 605 2031; x_wconf 90' lang='lat' dir='ltr'><strong>nemo</strong></span> <span class='ocrx_word' id='word_1_86' title='bbox 621 1961 766 2054; x_wconf 81' lang='lat' dir='ltr'><strong>neseiat,</strong></span> <span class='ocrx_word' id='word_1_87' title='bbox 785 1981 881 2052; x_wconf 87' lang='lat' dir='ltr'><strong>quam</strong></span> <span class='ocrx_word' id='word_1_88' title='bbox 897 1981 1053 2057; x_wconf 72' lang='lat' dir='ltr'><strong>magnum</strong></span> <span class='ocrx_word' id='word_1_89' title='bbox 1064 1961 1108 2032; x_wconf 88' lang='lat' dir='ltr'><strong>sit</strong></span> <span class='ocrx_word' id='word_1_90' title='bbox 1123 1967 1159 2032; x_wconf 90' lang='lat' dir='ltr'><strong>et</strong></span> <span class='ocrx_word' id='word_1_91' title='bbox 1176 1961 1313 2032; x_wconf 87' lang='lat' dir='ltr'><strong>arduum</strong></span> <span class='ocrx_word' id='word_1_92' title='bbox 1331 1981 1434 2054; x_wconf 82' lang='lat' dir='ltr'><strong>opus,</strong></span> <span class='ocrx_word' id='word_1_93' title='bbox 1456 1958 1550 2028; x_wconf 88' lang='lat' dir='ltr'><strong>dilu-</strong></span> 
     </span>
    </p>
   </div>
   <div class='ocr_carea' id='block_1_4' title="bbox 386 2096 1550 2468">
    <p class='ocr_par' dir='ltr' id='par_1_4' title="bbox 386 2096 1550 2468">
     <span class='ocr_line' id='line_1_12' title="bbox 386 2096 1549 2193; baseline -0.003 -25"><span class='ocrx_word' id='word_1_94' title='bbox 386 2096 460 2168; x_wconf 87' lang='lat' dir='ltr'><strong>eide</strong></span> <span class='ocrx_word' id='word_1_95' title='bbox 487 2096 719 2190; x_wconf 86' lang='lat' dir='ltr'><strong>interpretandi</strong></span> <span class='ocrx_word' id='word_1_96' title='bbox 746 2096 938 2193; x_wconf 84' lang='lat' dir='ltr'><strong>Horatium,</strong></span> <span class='ocrx_word' id='word_1_97' title='bbox 973 2119 1097 2192; x_wconf 89' lang='lat' dir='ltr'><strong>aequos</strong></span> <span class='ocrx_word' id='word_1_98' title='bbox 1121 2099 1237 2169; x_wconf 87' lang='lat' dir='ltr'><strong>barum</strong></span> <span class='ocrx_word' id='word_1_99' title='bbox 1265 2118 1374 2168; x_wconf 90' lang='lat' dir='ltr'><strong>rerum</strong></span> <span class='ocrx_word' id='word_1_100' title='bbox 1404 2097 1549 2168; x_wconf 89' lang='lat' dir='ltr'><strong>arbitros</strong></span> 
     </span>
     <span class='ocr_line' id='line_1_13' title="bbox 387 2231 1550 2328; baseline -0.003 -23"><span class='ocrx_word' id='word_1_101' title='bbox 387 2235 505 2306; x_wconf 88' lang='lat' dir='ltr'><strong>erratis</strong></span> <span class='ocrx_word' id='word_1_102' title='bbox 520 2235 600 2303; x_wconf 87' lang='lat' dir='ltr'><strong>meis</strong></span> <span class='ocrx_word' id='word_1_103' title='bbox 615 2237 743 2305; x_wconf 85' lang='lat' dir='ltr'><strong>veniam</strong></span> <span class='ocrx_word' id='word_1_104' title='bbox 756 2255 832 2306; x_wconf 86' lang='lat' dir='ltr'><strong>asse</strong></span> <span class='ocrx_word' id='word_1_105' title='bbox 844 2235 979 2308; x_wconf 70' lang='lat' dir='ltr'><strong>munros</strong></span> <span class='ocrx_word' id='word_1_106' title='bbox 995 2256 1093 2328; x_wconf 84' lang='lat' dir='ltr'><strong>spero</strong></span> <span class='ocrx_word' id='word_1_107' title='bbox 1114 2243 1211 2328; x_wconf 86' lang='lat' dir='ltr'><strong>atque</strong></span> <span class='ocrx_word' id='word_1_108' title='bbox 1225 2235 1363 2306; x_wconf 82' lang='lat' dir='ltr'><strong>conlido.</strong></span> <span class='ocrx_word' id='word_1_109' title='bbox 1390 2231 1550 2306; x_wconf 75' lang='lat' dir='ltr'><strong>Ueterum</strong></span> 
     </span>
     <span class='ocr_line' id='line_1_14' title="bbox 386 2368 1549 2468; baseline -0.002 -26"><span class='ocrx_word' id='word_1_110' title='bbox 386 2373 421 2442; x_wconf 95' lang='lat' dir='ltr'><strong>in</strong></span> <span class='ocrx_word' id='word_1_111' title='bbox 443 2370 506 2442; x_wconf 90' lang='lat' dir='ltr'><strong>boo</strong></span> <span class='ocrx_word' id='word_1_112' title='bbox 525 2370 681 2443; x_wconf 85' lang='lat' dir='ltr'><strong>iasoioolo</strong></span> <span class='ocrx_word' id='word_1_113' title='bbox 707 2375 882 2444; x_wconf 70' lang='lat' dir='ltr'><strong>retractavi</strong></span> <span class='ocrx_word' id='word_1_114' title='bbox 905 2373 1027 2468; x_wconf 83' lang='lat' dir='ltr'><strong>multa,</strong></span> <span class='ocrx_word' id='word_1_115' title='bbox 1061 2393 1143 2466; x_wconf 86' lang='lat' dir='ltr'><strong>quae</strong></span> <span class='ocrx_word' id='word_1_116' title='bbox 1161 2375 1195 2442; x_wconf 95' lang='lat' dir='ltr'><strong>in</strong></span> <span class='ocrx_word' id='word_1_117' title='bbox 1219 2373 1361 2443; x_wconf 90' lang='lat' dir='ltr'><strong>editione</strong></span> <span class='ocrx_word' id='word_1_118' title='bbox 1384 2371 1413 2440; x_wconf 80' lang='lat' dir='ltr'><strong>l</strong></span> <span class='ocrx_word' id='word_1_119' title='bbox 1442 2368 1549 2468; x_wconf 83' lang='lat' dir='ltr'><strong>(Des</strong></span> 
     </span>
    </p>
   </div>
   <div class='ocr_carea' id='block_1_5' title="bbox 387 2505 1550 3151">
    <p class='ocr_par' dir='ltr' id='par_1_5' title="bbox 387 2505 1550 3151">
     <span class='ocr_line' id='line_1_15' title="bbox 391 2505 1548 2604; baseline 0.003 -29"><span class='ocrx_word' id='word_1_120' title='bbox 391 2505 463 2604; x_wconf 77' lang='lat' dir='ltr'><strong>Qua</strong></span> <span class='ocrx_word' id='word_1_121' title='bbox 487 2505 669 2578; x_wconf 69' lang='lat' dir='ltr'><strong>Horetum</strong></span> <span class='ocrx_word' id='word_1_122' title='bbox 694 2507 858 2578; x_wconf 77' lang='lat' dir='ltr'><strong><em>Flaccus</em></strong></span> <span class='ocrx_word' id='word_1_123' title='bbox 875 2517 995 2580; x_wconf 79' lang='lat' dir='ltr'><strong>erater</strong></span> <span class='ocrx_word' id='word_1_124' title='bbox 1019 2507 1135 2604; x_wconf 75' lang='lat' dir='ltr'><strong>Bries</strong></span> <span class='ocrx_word' id='word_1_125' title='bbox 1152 2509 1367 2580; x_wconf 76' lang='lat' dir='ltr'><strong>desereres</strong></span> <span class='ocrx_word' id='word_1_126' title='bbox 1388 2507 1548 2580; x_wconf 72' lang='lat' dir='ltr'><strong>Boebes.</strong></span> 
     </span>
     <span class='ocr_line' id='line_1_16' title="bbox 389 2641 1550 2742; baseline 0.001 -28"><span class='ocrx_word' id='word_1_127' title='bbox 389 2641 552 2715; x_wconf 75' lang='lat' dir='ltr'><strong>Ertlort</strong></span> <span class='ocrx_word' id='word_1_128' title='bbox 580 2682 627 2697; x_wconf 90' lang='lat'>-</span> <span class='ocrx_word' id='word_1_129' title='bbox 650 2684 698 2698; x_wconf 88' lang='lat'><strong>--</strong></span> <span class='ocrx_word' id='word_1_130' title='bbox 727 2643 981 2735; x_wconf 84' lang='lat' dir='ltr'><strong>Rudolatadt‚</strong></span> <span class='ocrx_word' id='word_1_131' title='bbox 1006 2646 1044 2714; x_wconf 78' lang='lat' dir='ltr'><strong>iu</strong></span> <span class='ocrx_word' id='word_1_132' title='bbox 1071 2645 1142 2718; x_wconf 84' lang='lat' dir='ltr'><strong>der</strong></span> <span class='ocrx_word' id='word_1_133' title='bbox 1164 2645 1425 2741; x_wconf 75' lang='lat' dir='ltr'><strong>priuilegirteu</strong></span> <span class='ocrx_word' id='word_1_134' title='bbox 1439 2644 1550 2742; x_wconf 73' lang='lat' dir='ltr'><strong>Hos-</strong></span> 
     </span>
     <span class='ocr_line' id='line_1_17' title="bbox 389 2779 1548 2878; baseline 0.003 -26"><span class='ocrx_word' id='word_1_135' title='bbox 389 2779 521 2852; x_wconf 78' lang='lat' dir='ltr'><strong>Baelo·</strong></span> <span class='ocrx_word' id='word_1_136' title='bbox 553 2781 977 2878; x_wconf 63' lang='lat' dir='ltr'><strong>maldesmeburg</strong></span> <span class='ocrx_word' id='word_1_137' title='bbox 1013 2783 1124 2855; x_wconf 79' lang='lat'>1822.</span> <span class='ocrx_word' id='word_1_138' title='bbox 1150 2783 1200 2854; x_wconf 80' lang='grc' dir='ltr'><em>Ν</em></span> <span class='ocrx_word' id='word_1_139' title='bbox 1227 2791 1261 2855; x_wconf 92' lang='lat' dir='ltr'><strong>et</strong></span> <span class='ocrx_word' id='word_1_140' title='bbox 1286 2784 1338 2854; x_wconf 88' lang='lat'><strong>94</strong></span> <span class='ocrx_word' id='word_1_141' title='bbox 1357 2807 1412 2878; x_wconf 86' lang='lat' dir='ltr'><strong>pp.</strong></span> <span class='ocrx_word' id='word_1_142' title='bbox 1438 2783 1464 2853; x_wconf 80' lang='lat' dir='ltr'><strong>l.</strong></span> <span class='ocrx_word' id='word_1_143' title='bbox 1485 2781 1548 2876; x_wconf 88' lang='grc'><strong>8.)</strong></span> 
     </span>
     <span class='ocr_line' id='line_1_18' title="bbox 387 2919 1549 3016; baseline 0.003 -25"><span class='ocrx_word' id='word_1_144' title='bbox 387 2919 541 2991; x_wconf 80' lang='lat' dir='ltr'><strong>audaoiru</strong></span> <span class='ocrx_word' id='word_1_145' title='bbox 562 2922 730 3012; x_wconf 86' lang='lat' dir='ltr'><strong>proposita</strong></span> <span class='ocrx_word' id='word_1_146' title='bbox 749 2921 924 3016; x_wconf 76' lang='lat' dir='ltr'><strong>leguntur,</strong></span> <span class='ocrx_word' id='word_1_147' title='bbox 953 2921 1021 2990; x_wconf 89' lang='lat' dir='ltr'><strong>alia</strong></span> <span class='ocrx_word' id='word_1_148' title='bbox 1045 2930 1082 2993; x_wconf 92' lang='lat' dir='ltr'><strong>ut</strong></span> <span class='ocrx_word' id='word_1_149' title='bbox 1107 2920 1337 3015; x_wconf 82' lang='lat' dir='ltr'><strong>oonoederem,</strong></span> <span class='ocrx_word' id='word_1_150' title='bbox 1371 2923 1432 2990; x_wconf 90' lang='lat' dir='ltr'><strong>viri</strong></span> <span class='ocrx_word' id='word_1_151' title='bbox 1459 2921 1549 2994; x_wconf 85' lang='lat' dir='ltr'><strong>doeti</strong></span> 
     </span>
     <span class='ocr_line' id='line_1_19' title="bbox 388 3065 714 3151; baseline 0 -23"><span class='ocrx_word' id='word_1_152' title='bbox 388 3079 454 3129; x_wconf 91' lang='lat' dir='ltr'><strong>non</strong></span> <span class='ocrx_word' id='word_1_153' title='bbox 472 3065 714 3151; x_wconf 73' lang='lat' dir='ltr'><strong>persuaserim.</strong></span> 
     </span>
    </p>
   </div>
   <div class='ocr_carea' id='block_1_6' title="bbox 465 3162 1682 3290">
    <p class='ocr_par' dir='ltr' id='par_1_6' title="bbox 465 3162 1682 3290">
     <span class='ocr_line' id='line_1_20' title="bbox 465 3162 1682 3290; baseline 0.001 -26"><span class='ocrx_word' id='word_1_154' title='bbox 465 3191 606 3290; x_wconf 81' lang='lat' dir='ltr'><strong>Restat,</strong></span> <span class='ocrx_word' id='word_1_155' title='bbox 634 3203 669 3267; x_wconf 91' lang='lat' dir='ltr'><strong>ut</strong></span> <span class='ocrx_word' id='word_1_156' title='bbox 689 3215 752 3288; x_wconf 89' lang='lat' dir='ltr'><strong>qua</strong></span> <span class='ocrx_word' id='word_1_157' title='bbox 770 3193 869 3264; x_wconf 90' lang='lat' dir='ltr'><strong>laude</strong></span> <span class='ocrx_word' id='word_1_158' title='bbox 889 3192 1098 3288; x_wconf 72' lang='lat' dir='ltr'><strong>dignissimus</strong></span> <span class='ocrx_word' id='word_1_159' title='bbox 1117 3200 1187 3288; x_wconf 85' lang='lat' dir='ltr'><strong>est,</strong></span> <span class='ocrx_word' id='word_1_160' title='bbox 1211 3213 1254 3265; x_wconf 91' lang='lat' dir='ltr'><strong>ea</strong></span> <span class='ocrx_word' id='word_1_161' title='bbox 1274 3213 1431 3265; x_wconf 81' lang='lat' dir='ltr'><strong>exornem</strong></span> <span class='ocrx_word' id='word_1_162' title='bbox 1449 3195 1547 3284; x_wconf 67' lang='lat' dir='ltr'><strong>butus</strong></span> <span class='ocrx_word' id='word_1_163' title='bbox 1681 3162 1682 3165; x_wconf 8' lang='grc' dir='ltr'><strong>Ἴ</strong></span> 
     </span>
    </p>
   </div>
   <div class='ocr_carea' id='block_1_7' title="bbox 317 3328 1549 4662">
    <p class='ocr_par' dir='ltr' id='par_1_7' title="bbox 317 3328 1549 4662">
     <span class='ocr_line' id='line_1_21' title="bbox 389 3328 1546 3424; baseline 0.002 -24"><span class='ocrx_word' id='word_1_164' title='bbox 389 3329 499 3422; x_wconf 88' lang='lat' dir='ltr'><strong>operis</strong></span> <span class='ocrx_word' id='word_1_165' title='bbox 518 3329 754 3424; x_wconf 83' lang='lat' dir='ltr'><strong>redemptorem</strong></span> <span class='ocrx_word' id='word_1_166' title='bbox 778 3328 983 3424; x_wconf 72' lang='lat' dir='ltr'><strong>Georgium</strong></span> <span class='ocrx_word' id='word_1_167' title='bbox 1008 3328 1189 3424; x_wconf 81' lang='lat' dir='ltr'><strong>Wgaud,</strong></span> <span class='ocrx_word' id='word_1_168' title='bbox 1222 3331 1328 3402; x_wconf 83' lang='lat' dir='ltr'><strong>virum</strong></span> <span class='ocrx_word' id='word_1_169' title='bbox 1345 3329 1546 3402; x_wconf 82' lang='lat' dir='ltr'><strong>honestissi-</strong></span> 
     </span>
     <span class='ocr_line' id='line_1_22' title="bbox 389 3464 1547 3561; baseline 0.002 -24"><span class='ocrx_word' id='word_1_170' title='bbox 389 3486 494 3560; x_wconf 84' lang='lat' dir='ltr'><strong>mum,</strong></span> <span class='ocrx_word' id='word_1_171' title='bbox 529 3468 643 3559; x_wconf 88' lang='lat' dir='ltr'><strong>quippe</strong></span> <span class='ocrx_word' id='word_1_172' title='bbox 665 3471 717 3560; x_wconf 89' lang='lat' dir='ltr'><strong>qui</strong></span> <span class='ocrx_word' id='word_1_173' title='bbox 744 3465 980 3539; x_wconf 80' lang='lat' dir='ltr'><strong>Horatianus</strong></span> <span class='ocrx_word' id='word_1_174' title='bbox 1001 3464 1194 3561; x_wconf 75' lang='lat' dir='ltr'><strong>Epistulas</strong></span> <span class='ocrx_word' id='word_1_175' title='bbox 1220 3469 1285 3539; x_wconf 82' lang='lat' dir='ltr'><strong>boo</strong></span> <span class='ocrx_word' id='word_1_176' title='bbox 1304 3468 1547 3540; x_wconf 68' lang='lat' dir='ltr'><strong>commendabili</strong></span> 
     </span>
     <span class='ocr_line' id='line_1_23' title="bbox 389 3605 1548 3699; baseline 0.003 -25"><span class='ocrx_word' id='word_1_177' title='bbox 389 3605 495 3676; x_wconf 87' lang='lat' dir='ltr'><strong>nitore</strong></span> <span class='ocrx_word' id='word_1_178' title='bbox 509 3610 544 3676; x_wconf 90' lang='lat' dir='ltr'><strong>et</strong></span> <span class='ocrx_word' id='word_1_179' title='bbox 560 3605 720 3698; x_wconf 88' lang='lat' dir='ltr'><strong>perpolita</strong></span> <span class='ocrx_word' id='word_1_180' title='bbox 731 3605 885 3678; x_wconf 86' lang='lat' dir='ltr'><strong>munditie</strong></span> <span class='ocrx_word' id='word_1_181' title='bbox 901 3605 1032 3699; x_wconf 89' lang='lat' dir='ltr'><strong>prodire</strong></span> <span class='ocrx_word' id='word_1_182' title='bbox 1046 3605 1199 3678; x_wconf 84' lang='lat' dir='ltr'><strong>voluerit.</strong></span> <span class='ocrx_word' id='word_1_183' title='bbox 1249 3606 1392 3696; x_wconf 83' lang='lat' dir='ltr'><strong>itemque</strong></span> <span class='ocrx_word' id='word_1_184' title='bbox 1405 3609 1548 3678; x_wconf 85' lang='lat' dir='ltr'><strong>maxima</strong></span> 
     </span>
     <span class='ocr_line' id='line_1_24' title="bbox 388 3740 1548 3838; baseline 0.003 -27"><span class='ocrx_word' id='word_1_185' title='bbox 388 3740 523 3813; x_wconf 88' lang='lat' dir='ltr'><strong>debetur</strong></span> <span class='ocrx_word' id='word_1_186' title='bbox 546 3742 658 3836; x_wconf 75' lang='lat' dir='ltr'><strong>gratia</strong></span> <span class='ocrx_word' id='word_1_187' title='bbox 675 3742 714 3811; x_wconf 89' lang='lat' dir='ltr'><strong>iis</strong></span> <span class='ocrx_word' id='word_1_188' title='bbox 734 3741 837 3836; x_wconf 85' lang='lat' dir='ltr'><strong>viris,</strong></span> <span class='ocrx_word' id='word_1_189' title='bbox 866 3744 918 3835; x_wconf 91' lang='lat' dir='ltr'><strong>qui</strong></span> <span class='ocrx_word' id='word_1_190' title='bbox 938 3743 1168 3835; x_wconf 75' lang='lat' dir='ltr'><strong>permolestum</strong></span> <span class='ocrx_word' id='word_1_191' title='bbox 1184 3741 1548 3838; x_wconf 73' lang='lat' dir='ltr'><strong>pugnbronatypo-</strong></span> 
     </span>
     <span class='ocr_line' id='line_1_25' title="bbox 388 3877 1548 3974; baseline 0 -22"><span class='ocrx_word' id='word_1_192' title='bbox 388 3879 500 3952; x_wconf 83' lang='lat' dir='ltr'><strong>thetae</strong></span> <span class='ocrx_word' id='word_1_193' title='bbox 517 3879 635 3950; x_wconf 88' lang='lat' dir='ltr'><strong>erratis</strong></span> <span class='ocrx_word' id='word_1_194' title='bbox 655 3877 897 3974; x_wconf 75' lang='lat' dir='ltr'><strong>purgandarum</strong></span> <span class='ocrx_word' id='word_1_195' title='bbox 909 3900 1024 3950; x_wconf 90' lang='lat' dir='ltr'><strong>munus</strong></span> <span class='ocrx_word' id='word_1_196' title='bbox 1043 3879 1134 3972; x_wconf 88' lang='lat' dir='ltr'><strong>passi</strong></span> <span class='ocrx_word' id='word_1_197' title='bbox 1150 3885 1226 3950; x_wconf 87' lang='lat' dir='ltr'><strong>suut</strong></span> <span class='ocrx_word' id='word_1_198' title='bbox 1250 3880 1311 3949; x_wconf 89' lang='lat' dir='ltr'><strong>sibi</strong></span> <span class='ocrx_word' id='word_1_199' title='bbox 1326 3881 1458 3973; x_wconf 85' lang='lat' dir='ltr'><strong>imponi.</strong></span> <span class='ocrx_word' id='word_1_200' title='bbox 1507 3881 1548 3952; x_wconf 90' lang='lat' dir='ltr'><strong>ln</strong></span> 
     </span>
     <span class='ocr_line' id='line_1_26' title="bbox 389 4013 1548 4109; baseline 0.001 -21"><span class='ocrx_word' id='word_1_201' title='bbox 389 4017 440 4088; x_wconf 86' lang='lat' dir='ltr'><strong>bis</strong></span> <span class='ocrx_word' id='word_1_202' title='bbox 453 4017 624 4089; x_wconf 88' lang='lat' dir='ltr'><strong>utilissima</strong></span> <span class='ocrx_word' id='word_1_203' title='bbox 638 4035 691 4086; x_wconf 90' lang='lat' dir='ltr'><strong>me</strong></span> <span class='ocrx_word' id='word_1_204' title='bbox 705 4019 828 4087; x_wconf 92' lang='lat' dir='ltr'><strong>monuit</strong></span> <span class='ocrx_word' id='word_1_205' title='bbox 843 4013 914 4086; x_wconf 82' lang='lat' dir='ltr'><strong>Ga.</strong></span> <span class='ocrx_word' id='word_1_206' title='bbox 931 4015 1010 4087; x_wconf 77' lang='lat' dir='ltr'><strong>Aa.</strong></span> <span class='ocrx_word' id='word_1_207' title='bbox 1026 4013 1193 4109; x_wconf 65' lang='lat' dir='ltr'><strong>Becker„</strong></span> <span class='ocrx_word' id='word_1_208' title='bbox 1216 4017 1268 4109; x_wconf 89' lang='lat' dir='ltr'><strong>qui</strong></span> <span class='ocrx_word' id='word_1_209' title='bbox 1280 4017 1331 4085; x_wconf 91' lang='lat' dir='ltr'><strong>vir</strong></span> <span class='ocrx_word' id='word_1_210' title='bbox 1347 4018 1548 4109; x_wconf 78' lang='lat' dir='ltr'><strong>antiquitatis</strong></span> 
     </span>
     <span class='ocr_line' id='line_1_27' title="bbox 389 4152 1548 4250; baseline 0 -24"><span class='ocrx_word' id='word_1_211' title='bbox 389 4155 525 4226; x_wconf 76' lang='lat' dir='ltr'><strong>edentia</strong></span> <span class='ocrx_word' id='word_1_212' title='bbox 544 4176 609 4227; x_wconf 94' lang='lat' dir='ltr'><strong>non</strong></span> <span class='ocrx_word' id='word_1_213' title='bbox 630 4154 737 4250; x_wconf 76' lang='lat' dir='ltr'><strong>magis</strong></span> <span class='ocrx_word' id='word_1_214' title='bbox 760 4153 893 4224; x_wconf 75' lang='lat' dir='ltr'><strong>excellit</strong></span> <span class='ocrx_word' id='word_1_215' title='bbox 907 4173 1002 4247; x_wconf 87' lang='lat' dir='ltr'><strong>quarn</strong></span> <span class='ocrx_word' id='word_1_216' title='bbox 1021 4152 1232 4225; x_wconf 81' lang='lat' dir='ltr'><strong>humanitate.</strong></span> <span class='ocrx_word' id='word_1_217' title='bbox 1284 4153 1319 4222; x_wconf 87' lang='lat' dir='ltr'><strong>la</strong></span> <span class='ocrx_word' id='word_1_218' title='bbox 1335 4161 1453 4246; x_wconf 85' lang='lat' dir='ltr'><strong>postea</strong></span> <span class='ocrx_word' id='word_1_219' title='bbox 1472 4173 1548 4227; x_wconf 90' lang='lat' dir='ltr'><strong>meo</strong></span> 
     </span>
     <span class='ocr_line' id='line_1_28' title="bbox 383 4288 1548 4385; baseline 0.003 -24"><span class='ocrx_word' id='word_1_220' title='bbox 383 4299 511 4385; x_wconf 75' lang='lat' dir='ltr'><strong>rogatu</strong></span> <span class='ocrx_word' id='word_1_221' title='bbox 528 4293 652 4384; x_wconf 84' lang='lat' dir='ltr'><strong>aliquot</strong></span> <span class='ocrx_word' id='word_1_222' title='bbox 675 4291 901 4363; x_wconf 82' lang='lat' dir='ltr'><strong>annotationes</strong></span> <span class='ocrx_word' id='word_1_223' title='bbox 928 4291 1140 4384; x_wconf 84' lang='lat' dir='ltr'><strong>interposuit,</strong></span> <span class='ocrx_word' id='word_1_224' title='bbox 1169 4288 1254 4382; x_wconf 92' lang='lat' dir='ltr'><strong>quod</strong></span> <span class='ocrx_word' id='word_1_225' title='bbox 1273 4291 1405 4383; x_wconf 85' lang='lat' dir='ltr'><strong>saepius</strong></span> <span class='ocrx_word' id='word_1_226' title='bbox 1426 4291 1548 4364; x_wconf 81' lang='lat' dir='ltr'><strong>iaobnm</strong></span> 
     </span>
     <span class='ocr_line' id='line_1_29' title="bbox 389 4425 1548 4522; baseline 0.003 -26"><span class='ocrx_word' id='word_1_227' title='bbox 389 4425 510 4497; x_wconf 84' lang='lat' dir='ltr'><strong>vellem</strong></span> <span class='ocrx_word' id='word_1_228' title='bbox 530 4427 748 4522; x_wconf 78' lang='lat' dir='ltr'><strong>optabuntque</strong></span> <span class='ocrx_word' id='word_1_229' title='bbox 768 4449 883 4502; x_wconf 84' lang='lat' dir='ltr'><strong>omnes</strong></span> <span class='ocrx_word' id='word_1_230' title='bbox 903 4428 956 4522; x_wconf 93' lang='lat' dir='ltr'><strong>qui</strong></span> <span class='ocrx_word' id='word_1_231' title='bbox 975 4431 1094 4497; x_wconf 92' lang='lat' dir='ltr'><strong>norunt</strong></span> <span class='ocrx_word' id='word_1_232' title='bbox 1112 4425 1353 4522; x_wconf 74' lang='lat' dir='ltr'><strong>diligentissimi</strong></span> <span class='ocrx_word' id='word_1_233' title='bbox 1373 4426 1447 4498; x_wconf 85' lang='lat' dir='ltr'><strong>Viri</strong></span> <span class='ocrx_word' id='word_1_234' title='bbox 1470 4429 1548 4500; x_wconf 89' lang='lat' dir='ltr'><strong>ele-</strong></span> 
     </span>
     <span class='ocr_line' id='line_1_30' title="bbox 317 4560 1549 4662; baseline 0.001 -26"><span class='ocrx_word' id='word_1_235' title='bbox 317 4625 321 4646; x_wconf 91' lang='grc'>,</span> <span class='ocrx_word' id='word_1_236' title='bbox 389 4567 524 4660; x_wconf 71' lang='lat' dir='ltr'><strong>paren</strong></span> <span class='ocrx_word' id='word_1_237' title='bbox 537 4560 714 4636; x_wconf 71' lang='lat' dir='ltr'><strong>docuinam</strong></span> <span class='ocrx_word' id='word_1_238' title='bbox 733 4587 774 4637; x_wconf 88' lang='lat' dir='ltr'><strong>ao</strong></span> <span class='ocrx_word' id='word_1_239' title='bbox 792 4565 928 4662; x_wconf 87' lang='lat' dir='ltr'><strong>politum</strong></span> <span class='ocrx_word' id='word_1_240' title='bbox 941 4561 1107 4657; x_wconf 76' lang='lat' dir='ltr'><strong>judicium.</strong></span> <span class='ocrx_word' id='word_1_241' title='bbox 1159 4561 1350 4656; x_wconf 72' lang='lat' dir='ltr'><strong>Quanquam</strong></span> <span class='ocrx_word' id='word_1_242' title='bbox 1363 4565 1413 4636; x_wconf 82' lang='lat' dir='ltr'><strong>sie</strong></span> <span class='ocrx_word' id='word_1_243' title='bbox 1426 4569 1549 4659; x_wconf 86' lang='lat' dir='ltr'><strong>optime</strong></span> 
     </span>
    </p>
   </div>
   <div class='ocr_carea' id='block_1_8' title="bbox 0 0 1730 5334">
    <p class='ocr_par' dir='ltr' id='par_1_8' title="bbox 0 0 1730 5334">
     <span class='ocr_line' id='line_1_31' title="bbox 0 0 1730 5334; baseline 0 0"><span class='ocrx_word' id='word_1_244' title='bbox 0 0 1730 5334; x_wconf 95' lang='lat' dir='ltr'><strong> </strong></span> 
     </span>
    </p>
   </div>
  </div>
 </body>
</html>
