3450 5334
358 510 424 579 313
467 508 756 575 communali
774 510 821 571 IN
839 506 1008 571 nouam
1028 506 1103 569 LlB.
1117 509 1139 568 Ι.
1153 504 1280 568 EPIST.
1294 506 1407 571 SEXT.
1475 507 1521 573 46

361 704 417 763 hoc
437 702 493 781 ipsi
513 700 666 777 Numicio,
700 705 803 778 utpote
824 698 930 757 homini
951 695 1077 755 mutabili
1097 713 1190 773 neque
1211 694 1265 754 sibi
1285 695 1444 772 constanti,
1464 697 1518 755 da·
1589 690 1593 695 ’

358 812 420 865 tum
440 809 568 878 censent,
589 808 650 862 tum
672 802 709 861 ab
734 800 862 871 Orellio,
887 800 935 875 qui
956 800 1002 859 hic
1022 798 1154 857 homiues
1177 798 1255 857 videt
1275 799 1449 878 descriptos,
1470 801 1521 877 qui

359 905 506 984 ambigant
526 907 564 963 de
583 924 653 962 vero
672 903 729 961 tine
751 902 906 977 bonorum,
946 903 986 960 ita
1007 909 1037 960 ut
1058 900 1251 977 unusquisque
1271 920 1326 979 pro
1348 920 1399 960 sua
1420 900 1518 960 indole

359 1009 506 1087 proprium
528 1006 582 1064 sibi
602 1012 710 1065 statuat
729 1005 776 1063 vel
797 1006 931 1065 virtutem
949 1005 993 1064 vel
1015 1005 1129 1064 divitias
1151 1011 1208 1066 etc.
1251 1002 1331 1064 Dixit
1350 1010 1463 1082 autem,
1484 1010 1519 1063 ut

359 1110 444 1186 vulgo
466 1113 578 1187 putant,
599 1126 616 1166 e
637 1108 780 1187 scriptura
799 1110 900 1185 partic.
917 1118 970 1165 ut:
992 1108 1058 1185 „Si,
1081 1126 1153 1185 quae
1173 1106 1334 1185 philosophi
1355 1106 1392 1165 de
1412 1108 1520 1165 virtute

358 1212 430 1290 (vid.
452 1211 514 1273 Cic.
527 1209 618 1273 Tusc.
639 1209 670 1286 5,
693 1211 724 1286 6,
747 1212 786 1275 12
801 1244 845 1256 —
861 1214 911 1285 12,
933 1209 998 1288 37.)
1019 1210 1177 1289 disputant,
1197 1211 1292 1269 inania
1312 1209 1401 1267 verba
1421 1214 1519 1288 putas,

359 1322 392 1374 ut
410 1313 491 1373 multi
512 1318 697 1371 contemnunt
712 1310 879 1389 religionem
897 1312 952 1371 luci
974 1331 1093 1389 eumque
1107 1311 1175 1370 nihil
1193 1313 1248 1370 uisi
1259 1311 1376 1371 arbores
1394 1310 1520 1389 putant“

360 1425 416 1480 etc.
437 1417 483 1493 [ex
504 1416 649 1474 sententia
669 1411 791 1472 heronis
813 1418 850 1473 ad
872 1416 976 1474 lemma
991 1424 1106 1491 putas:
1136 1414 1282 1490 „videtur
1299 1415 1336 1473 de
1356 1413 1400 1471 his
1421 1414 1519 1470 dicere

360 1521 410 1599 qui
431 1519 549 1577 laudaut
568 1515 779 1596 philosophiam
800 1536 854 1576 uec
875 1524 1049 1596 sequuntur,
1082 1525 1114 1575 ut
1139 1516 1273 1593 sacrilegi
1302 1518 1399 1575 dicunt
1423 1516 1519 1573 lucum

359 1628 472 1681 tautum
492 1638 559 1679 esse
578 1617 701 1695 ligna.“]
744 1618 863 1679 Rectius
885 1627 980 1679 autem
1005 1621 1023 1677 i.
1045 1639 1070 1682 e.
1091 1620 1129 1677 ad
1149 1619 1290 1677 rationem
1310 1618 1519 1677 Grammaticus

360 1723 601 1783 accommodatius
622 1719 711 1779 rerba
730 1720 780 1779 illa
799 1723 898 1781 addita
927 1722 1077 1800 opinantur
1100 1722 1250 1780 Gesnems
1275 1720 1519 1797 Groebelz'nsque,

359 1846 419 1883 non
439 1844 496 1901 quo
511 1824 648 1883 Horatius
668 1824 842 1900 impietatem
863 1826 1005 1902 quandam
1025 1830 1151 1899 notaret,
1173 1823 1224 1882 sed
1246 1829 1277 1882 ut
1298 1842 1348 1881 eos
1363 1824 1518 1898 redargue·

360 1934 416 2003 ret,
438 1926 496 2004 qui,
517 1932 550 1984 nt
570 1924 674 1982 lucum
693 1925 787 2003 agnis
794 1967 807 1997 ,
829 1929 870 1986 ita
891 1926 1022 1985 rirhuem
1041 1929 1127 1985 meris
1148 1925 1242 1985 verbis
1264 1930 1396 1983 constare
1417 1922 1517 1981 crede-

360 2035 435 2103 rent,
456 2027 561 2103 inqua
579 2046 612 2085 re
624 2027 783 2107 Epicureos
805 2029 935 2106 equidem
956 2028 1132 2106 significatos
1153 2026 1288 2103 arbitror,
1305 2026 1413 2085 cfiffic.
1427 2024 1519 2087 Tusc.

360 2130 392 2207 5,
411 2124 465 2205 41,
487 2128 559 2191 119.
580 2136 610 2189 et
630 2130 661 2206 5,
684 2132 736 2207 26,
756 2131 809 2193 73.
826 2132 864 2191 de
886 2131 949 2189 Fin.
972 2134 1009 2206 2,
1032 2130 1089 2207 15,
1112 2127 1162 2193 48.
1204 2130 1333 2207 Utraque
1355 2134 1451 2187 autem
1469 2143 1518 2183 ra·

359 2233 440 2292 tione
458 2234 603 2292 evanescit
623 2232 767 2311 suspicio,
793 2251 880 2311 quam
901 2232 1059 2305 Bentlejue
1082 2238 1200 2290 auctore
1222 2231 1379 2291 Torrentio
1399 2229 1439 2287 illi
1458 2228 1518 2286 lec·

360 2335 431 2393 tioui
452 2339 565 2409 movet,
599 2340 632 2393 ut
652 2335 677 2391 si
694 2334 795 2411 religio
818 2341 848 2394 et
868 2333 973 2392 Flacco
996 2340 1026 2393 et
1045 2332 1190 2411 plerisque
1211 2332 1274 2392 aliis
1301 2335 1377 2393 iuter
1405 2332 1517 2393 fabulas

360 2442 533 2493 numeretur.
575 2436 678 2513 Neque
699 2455 786 2514 vero,
808 2437 886 2514 quod
906 2436 988 2495 multi
1008 2436 1118 2495 faciunt
1138 2442 1168 2494 ct
1188 2434 1252 2514 plus
1274 2453 1366 2511 aequo
1387 2435 1518 2511 subtiles,

360 2557 415 2617 pro
439 2537 513 2595 falsa
540 2536 687 2597 habuerim
707 2540 877 2617 scripturam
899 2549 945 2609 ct,
981 2537 1136 2597 dummodo
1159 2538 1201 2596 sic
1222 2538 1433 2617 interpreteris:
1471 2538 1519 2615 „si

361 2641 437 2717 quis,
458 2638 593 2716 quicquid
609 2639 646 2698 ab
667 2639 827 2700 hominibus
845 2648 976 2701 sarchum
991 2639 1112 2699 habetur
1132 2658 1167 2699 ac
1190 2659 1319 2717 sacrum,
1349 2660 1403 2719 pro
1424 2660 1456 2701 re
1474 2644 1519 2701 iu-

361 2742 409 2799 aui
426 2747 514 2817 atque
529 2759 613 2801 cassa
629 2741 727 2819 habet,
746 2744 807 2803 i.e.
821 2746 852 2803 in
868 2744 974 2803 virtute
994 2744 1080 2802 ritum
1101 2741 1216 2803 beatam
1236 2744 1320 2803 sitam
1335 2762 1400 2803 esse
1421 2748 1520 2819 negat,

360 2843 445 2901 isad
465 2842 542 2903 aliud
562 2847 709 2924 confugiat
729 2866 867 2906 summum
893 2845 1028 2907 bonum“
1057 2851 1112 2905 etc.
1155 2844 1202 2905 Ad
1226 2848 1398 2906 seutentiam
1426 2846 1520 2923 ipsam

359 2946 470 3005 faciunt
488 2944 583 3023 Epist.
606 2951 644 3025 1,
679 2952 739 3026 17,
773 2944 826 3013 41.
868 2948 938 3007 Aut
957 2950 1053 3006 virtrus
1074 2968 1181 3005 nomen
1201 2950 1292 3007 inane
1313 2958 1356 3005 cst
1374 2947 1444 3005 Aut
1462 2954 1519 3006 etc.

362 3050 424 3111 Cic·
444 3046 527 3107 Lael·
550 3049 608 3129 23,
642 3054 694 3115 86.
715 3052 855 3133 (Gernh.)
883 3072 904 3111 a
924 3050 1028 3109 multis
1053 3054 1121 3129 ipsa
1143 3051 1241 3109 virtus
1269 3052 1465 3111 contemnitur
1493 3060 1523 3107 et

361 3150 524 3209 venditum
542 3152 692 3230 quaedam
708 3164 799 3233 atque
819 3154 974 3212 ostenwtio
993 3174 1054 3211 csse
1074 3153 1194 3213 dicimr.
1235 3152 1370 3213 Laudant
1381 3152 1520 3230 imprimis

360 3252 517 3313 Lambinus
539 3260 570 3313 et
589 3253 623 3318 Ρ.
643 3253 742 3315 Victor
763 3256 810 3336 (V.
830 3255 867 3315 L.
888 3256 949 3332 23,
983 3254 1048 3334 11.)
1068 3274 1169 3315 rocem
1190 3255 1339 3314 morientis
1360 3253 1441 3311 Bruti
1471 3270 1519 3330 up.

360 3354 447 3415 Dion.
469 3357 553 3415 Cass.
575 3354 635 3435 47,
657 3353 709 3418 49.
739 3350 896 3435 ὦτλῆμον
917 3350 1012 3438 ἀρετή
1021 3400 1030 3431 ,
1051 3350 1140 3439 λόγος
1162 3350 1210 3436 ἄρ’
1230 3347 1321 3436 ἦσθ’·
1352 3350 1408 3437 lyoi
1432 3350 1465 3415 δέ
1487 3372 1520 3417 σε

361 3452 405 3529 uic
426 3455 514 3538 ἔργον
533 3452 661 3537 ἤσκουν,
683 3456 721 3522 oui
743 3455 772 3523 δ’
792 3452 839 3538 ἄρ’
859 3453 1018 3532 ἐδούλευες
1036 3453 1120 3545 τύχῃ.
1152 3459 1279 3519 Eosdem
1293 3458 1520 3519 Hercrdisseua-

360 3559 419 3616 rios
445 3577 464 3616 a
483 3558 573 3617 Bruto
601 3571 752 3641 usurpatos
780 3562 897 3640 repetiit
924 3582 1017 3639 usque
1047 3564 1084 3621 ad
1109 3561 1189 3622 verb.
1211 3559 1328 3640 ἤσκουν
1351 3558 1520 3619 Plutarchus

360 3663 397 3719 de
418 3661 550 3738 Superat.
571 3664 622 3726 Vl.
644 3686 674 3745 p.
694 3668 777 3742 628,
798 3666 926 3745 respexit
946 3664 1049 3723 Florus
1071 3663 1109 3742 4,
1132 3667 1163 3727 7.
1208 3664 1271 3723 Sed
1289 3673 1403 3745 proruto
1419 3662 1519 3740 fferr-

360 3766 422 3822 cior
442 3775 485 3821 est
495 3765 628 3844 fhrtum
647 3786 740 3845 quum
760 3767 878 3825 vinus?
912 3778 943 3824 ct
962 3786 1055 3847 quam
1076 3786 1180 3825 vuum
1197 3776 1258 3837 est,
1291 3768 1374 3847 quod
1392 3767 1521 3823 mon'enc

359 3869 493 3947 efflavit,
520 3888 581 3926 non
601 3870 635 3925 iu
654 3888 706 3939 re,
726 3868 830 3926 sedin
847 3868 934 3929 verbo
959 3880 1078 3929 tautum
1099 3889 1159 3927 erse
1178 3871 1328 3928 virutum.
1371 3869 1462 3929 Aliter
1482 3869 1521 3925 de

359 3972 474 4030 Catone
493 3972 623 4032 Uticensi
645 3971 748 4029 Cicero
771 3970 860 4031 Tusc.
884 3971 922 4049 5,
957 3976 992 4051 1,
1025 3968 1057 4032 4.
1088 3972 1169 4052 (rbiq.
1191 3970 1317 4050 Klotz.):
1356 3968 1419 4029 Illa
1439 3971 1521 4027 enim

358 4071 503 4152 (virtue),
535 4077 565 4131 ai
584 4074 671 4132 modo
692 4084 736 4131 ert
754 4072 822 4132 ullu
842 4078 940 4134 virtue
951 4117 961 4145 ,
997 4096 1090 4153 quam
1111 4072 1327 4133 dubiwtionem
1348 4071 1520 4132 auunculus

358 4187 443 4248 tuus,
461 4177 573 4250 Brute,
595 4176 718 4235 emtum
738 4183 794 4240 etc.
835 4177 881 4242 Id.
903 4178 934 4256 b,
957 4179 1009 4254 26,
1031 4178 1082 4240 73.
1105 4198 1199 4255 quum
1209 4180 1388 4255 praesertim
1403 4178 1520 4255 Epicu-

356 4300 410 4337 ms
425 4313 469 4326 —·
485 4280 562 4338 Isaac
576 4292 692 4352 nostra,
712 4280 836 4339 honaetu
858 4281 959 4357 turpia
969 4320 981 4351 ,
1009 4279 1133 4337 irrideat
1151 4278 1292 4359 dicatque
1312 4300 1365 4337 noc
1385 4281 1419 4337 iu
1439 4279 1524 4335 voci-

358 4381 414 4440 bus
431 4394 591 4461 occupatos
611 4386 717 4442 inanes
736 4402 823 4441 sonos
834 4382 979 4461 sundere.
1022 4384 1068 4443 Id.
1091 4382 1129 4460 6,
1165 4379 1227 4460 41,
1265 4385 1337 4447 119.
1384 4380 1475 4457 Quod
1493 4381 1524 4437 εἰ

355 4482 405 4540 1ιὼ
421 4482 621 4563 pbilosophis,
643 4508 769 4566 quorum
792 4506 828 4544 ea
845 4486 990 4544 sententia
1011 4495 1068 4555 eat,
1089 4496 1125 4543 nt
1143 4486 1241 4543 vir-tm
1253 4504 1311 4562 per
1331 4504 1362 4541 se
1382 4485 1451 4562 ipsa
1471 4485 1522 4540 ni-

354 4583 403 4643 bil
422 4585 543 4659 valcat,
566 4608 710 4667 omneque
726 4588 809 4668 quod
825 4588 982 4646 honestum
1003 4608 1057 4646 nur
1075 4598 1104 4646 et
1127 4586 1282 4646 bambae
1301 4586 1460 4655 ducamur,
1489 4584 1526 4641 id
