3450 5334
323 535 365 602 68
433 541 711 604 committam
732 543 773 601 ΙΝ
792 541 960 604 flottam
981 541 1113 603 EPIST.
1135 541 1243 602 uum.
1258 541 1334 600 ΜΒ.
1353 545 1377 600 Ι.

325 709 474 770 lectorum
491 711 561 770 illos
574 711 693 772 labores
704 713 915 771 molestiarum
932 713 1055 793 plenos,
1078 713 1131 793 qui
1144 732 1207 771 non
1221 712 1355 789 ignoret,
1377 731 1487 791 perpe-

327 823 379 870 tua
396 812 687 872 hacconsuetudine
707 833 772 872 esse
791 825 986 894 usurpataun,
1011 825 1047 873 ut
1066 815 1114 873 illi
1145 811 1288 872 Athletae
1310 815 1436 894 pulvere
1453 834 1487 871 se

328 925 536 996 aspergerent,
558 934 621 973 uon
633 912 725 974 modo
742 916 926 976 valetudinis
941 920 1058 978 ratione
1071 915 1185 990 habita,
1201 913 1256 974 sed
1268 919 1366 976 multo
1379 917 1486 994 magis,

327 1027 371 1093 ut,
393 1035 489 1097 quum
501 1014 577 1074 nudi
586 1028 757 1096 pugnarent
766 1029 796 1076 et
804 1023 968 1098 unguentis
982 1018 1120 1092 delibuti,
1142 1028 1266 1097 possent
1280 1038 1314 1075 se
1328 1019 1388 1096 ipsi
1402 1037 1488 1076 com-

327 1122 419 1201 plecti
433 1119 538 1177 artius.
580 1119 655 1179 Inde
671 1121 832 1180 Horatium
846 1119 927 1179 nihil
942 1121 1025 1181 aliud
1042 1125 1102 1182 nisi
1121 1119 1180 1180 hoc
1198 1122 1264 1179 istis
1278 1120 1377 1178 verbis
1392 1121 1489 1198 signi-

328 1223 452 1282 ficasset
484 1219 618 1278 bouvines
638 1223 765 1282 minima
789 1243 927 1302 quaeque
936 1224 1046 1304 secere
1061 1223 1193 1304 plurmi
1213 1221 1360 1301 avideque
1378 1243 1490 1280 concu-

326 1327 439 1405 piscere
446 1346 459 1398 ,·
492 1331 676 1381 contemnere
703 1324 817 1402 optima
838 1335 866 1380 et
885 1347 1001 1384 samnio
1025 1324 1126 1384 labore
1145 1323 1297 1402 dagnmra.
1342 1324 1490 1383 Similiter

330 1428 432 1486 locum
452 1423 606 1506 explicant
632 1424 806 1483 Glareamca
828 1437 858 1482 et
879 1427 994 1485 Μῖιιοα.
1038 1432 1084 1486 Ac
1105 1435 1223 1504 praeter
1247 1429 1308 1485 alia
1330 1445 1408 1507 quae
1428 1423 1490 1483 huc

330 1545 427 1602 usque
447 1525 484 1584 de
501 1526 719 1584 sententiarum
737 1525 842 1586 ordine
857 1537 887 1584 et
903 1526 1123 1606 significatione
1145 1525 1229 1603 dixi,
1249 1526 1322 1586 huic
1341 1531 1489 1606 iuterpre-

331 1628 437 1686 tationi
453 1629 546 1685 etiam
568 1625 743 1686 adversatur
763 1629 887 1707 liuguae
908 1629 1020 1688 latinae
1042 1629 1118 1686 ratio
1142 1639 1173 1686 et
1193 1631 1263 1704 lex3
1291 1649 1365 1688 nam
1381 1631 1433 1688 cui
1450 1629 1491 1686 cit

332 1729 500 1806 explicetur
512 1747 636 1787 necesse
650 1731 723 1792 erit:
745 1731 797 1787 cci
812 1732 834 1789 i.
852 1751 879 1788 e.
893 1733 920 1789 si
933 1734 961 1789 ei
974 1747 1040 1788 esse
1056 1740 1157 1808 posset
1174 1734 1224 1789 vel
1237 1733 1350 1790 liceret.
1378 1733 1490 1791 Poetae

332 1835 359 1892 si
374 1851 437 1893 non
457 1833 634 1906 accuratius,
656 1835 767 1892 saltem
780 1843 854 1890 esset
868 1832 1032 1892 dicendum
1049 1842 1123 1890 erat.
1166 1833 1214 1891 cf.
1229 1831 1366 1892 Schmid.
1383 1831 1423 1892 ad
1432 1837 1490 1910 Ep.

335 1935 364 2000 1.
379 1934 429 2005 11,
444 1934 475 1997 8.
496 1934 611 1992 Rursus
626 1936 688 2010 alii,
710 1944 745 1992 ut
766 1933 889 2014 Orrery,
904 1939 1067 1995 Britannus
1082 1935 1135 1992 ille
1148 1936 1253 2014 magui
1268 1938 1416 2012 nominis,
1437 1938 1492 2018 qui

333 2036 367 2092 in
379 2037 442 2094 vita
458 2035 538 2093 Plin.
553 2035 644 2110 lum,
668 2053 761 2116 quam
774 2037 811 2099 Ε.
825 2038 863 2096 Α.
880 2037 1053 2099 Schmidius
1067 2056 1140 2097 suae
1155 2037 1362 2098 Plinianarum
1377 2042 1491 2118 episto-

334 2139 433 2198 larum
448 2137 687 2217 interpretationi
701 2137 842 2218 praefixit
854 2162 886 2220 p.
900 2143 944 2203 26
961 2159 1044 2220 aqq.,
1064 2138 1146 2198 hunc
1160 2140 1263 2201 locum
1276 2143 1310 2199 iu
1326 2141 1445 2200 clariori
1459 2159 1492 2197 se

334 2240 403 2298 luce
417 2240 555 2316 posuisse
567 2239 723 2318 opinatur,
744 2240 777 2297 in
786 2241 917 2301 formula
930 2244 994 2300 siras
1002 2243 1128 2320 pulvere
1142 2247 1287 2317 nsajorem
1300 2242 1386 2302 ulau
1398 2247 1493 2301 vs'ctc-

336 2345 400 2400 riae
414 2339 537 2398 laudem
556 2338 723 2400 indicatum
740 2345 857 2402 volunt.
878 2346 1050 2424 Per-peram.
1061 2377 1102 2387 —
1118 2345 1232 2402 aucum
1238 2367 1349 2424 pagos.
1375 2347 1493 2404 Intelli-

337 2444 382 2522 git
402 2438 461 2500 hoc
480 2441 546 2500 loco
566 2442 596 2500 J.
613 2444 655 2500 Μ.
675 2446 798 2503 Mattius
815 2445 849 2500 iu
866 2443 960 2522 Triga
974 2444 1118 2524 opuscul.
1134 2445 1174 2520 3,
1195 2449 1248 2510 23.
1266 2470 1298 2528 p.
1311 2445 1385 2511 424.
1406 2449 1495 2508 hedos

339 2541 529 2612 Pagonclea,
549 2540 678 2602 laudans
692 2547 776 2604 Varr.
793 2547 829 2602 Ι..
844 2547 880 2604 1..
893 2546 923 2621 5,
938 2547 970 2609 3.
985 2567 1017 2626 Ρ.
1031 2542 1083 2608 49.
1097 2543 1145 2604 ed.
1163 2547 1270 2629 Steph.
1302 2547 1354 2629 (Ρ.
1375 2551 1428 2616 58.
1444 2551 1495 2613 ed.

337 2638 419 2720 Bip.)
445 2649 477 2696 et
495 2636 555 2699 huc
574 2642 705 2703 referens
722 2645 848 2706 Sueten.
867 2650 946 2727 Aug.
965 2668 991 2706 c.
1014 2645 1067 2711 45.
1091 2648 1248 2726 spectavit
1264 2663 1365 2710 autem
1378 2655 1496 2713 susdsb-

339 2743 453 2800 sissima
461 2742 599 2822 pugiles,
622 2755 650 2802 et
666 2748 795 2806 maxim
811 2750 940 2808 Latinos
946 2774 959 2823 ,·
980 2772 1041 2808 non
1060 2750 1208 2831 legitimm
1219 2765 1310 2834 atque
1328 2755 1497 2814 ordinas-abs

340 2843 443 2916 modo,
467 2865 541 2924 quos
561 2847 651 2904 etiam
672 2851 851 2907 committere
871 2872 942 2909 cum
967 2852 1093 2911 Graecis
1113 2854 1245 2931 colebat,·
1281 2857 1335 2916 sed
1351 2869 1380 2915 et
1399 2871 1496 2917 omer-

341 2950 440 3006 varioa
452 2948 630 3026 oppidanos,
651 2951 729 3010 inter
745 2954 906 3031 angustius
922 2956 1057 3013 ¹vicorum
1073 2970 1249 3036 pugncntee
1264 2971 1371 3018 temere
1382 2983 1421 3019 ac
1432 2964 1497 3020 aine

340 3061 415 3108 crte.
459 3051 625 3131 Pagaualia
639 3063 742 3111 autem
756 3073 818 3112 uon
839 3057 940 3114 solum
960 3057 993 3114 iu
1007 3057 1081 3135 ipsis
1095 3063 1181 3139 pagis
1195 3071 1281 3118 extra
1297 3063 1420 3138 urbem,
1441 3062 1498 3121 sed

342 3153 435 3210 etiam
447 3154 561 3211 Romae
577 3155 725 3214 celebrata
741 3175 806 3214 esse
823 3154 981 3234 videntur,
1003 3158 1065 3218 vid.
1079 3163 1198 3220 Emest.
1212 3163 1296 3222 Clau.
1311 3165 1373 3224 Cic.
1389 3185 1418 3225 v.
1430 3168 1496 3225 Pa-

341 3273 451 3335 guum.
474 3255 520 3312 De
537 3256 599 3313 illis
617 3258 711 3316 Rufii.
727 3259 829 3321 ltiuer.
850 3262 884 3336 1,
903 3258 975 3322 373.
997 3260 1040 3318 Et
1053 3273 1117 3320 uun
1125 3264 1210 3342 fhrta
1225 3263 1337 3324 hilares
1346 3288 1405 3345 per
1415 3289 1498 3326 cona-

337 3358 410 3435 pita
427 3356 540 3412 mistica
556 3359 637 3435 pagi
657 3359 837 3420 Mulcebant
858 3363 954 3420 sacris
967 3374 1092 3439 pectora
1103 3365 1193 3445 sessa
1206 3369 1299 3439 jocis.
1345 3370 1391 3429 cs.
1410 3369 1499 3429 Ovid.

343 3458 424 3520 Fast.
439 3456 476 3530 1,
495 3455 558 3518 669
575 3477 642 3538 sqq.
665 3493 708 3504 -
731 3463 777 3521 De
792 3466 928 3542 compitis
945 3461 1007 3522 vid.
1025 3467 1135 3525 Acron.
1155 3466 1196 3526 ad
1209 3469 1274 3530 Sat.
1289 3472 1326 3547 2,
1348 3472 1385 3548 3,
1401 3475 1453 3537 26.
1467 3483 1500 3530 et

346 3559 431 3618 Serv.
445 3555 485 3616 ad
499 3559 582 3637 Virg.
597 3561 652 3620 Ge.
666 3563 696 3638 2,
712 3564 795 3639 382,
817 3565 871 3622 ubi
882 3567 1021 3625 similiter
1025 3572 1108 3649 pagi
1120 3580 1150 3627 et
1163 3575 1295 3651 compita
1307 3578 1499 3653 conjungun-

345 3671 405 3720 tur.
447 3660 493 3717 De
519 3659 600 3720 ludis
620 3663 837 3743 Compitaliciis
858 3665 1001 3728 dixerunt
1024 3671 1216 3733 Werusdorf.
1243 3674 1283 3735 ad
1306 3678 1448 3756 culpam.
1468 3674 1500 3752 4,

348 3761 419 3827 125.
434 3763 473 3820 ll.
490 3783 520 3842 p·
533 3760 608 3826 341.
626 3775 656 3824 et
675 3766 802 3827 casaub.
820 3766 859 3827 ad
879 3768 1004 3832 Sueton.
1033 3775 1112 3855 Aug.
1125 3776 1178 3838 31.
1200 3777 1352 3859 Quicquid
1370 3789 1425 3852 est,
1448 3789 1501 3837 aut

346 3867 420 3946 ipsis
431 3863 512 3925 ludis
527 3865 646 3944 pugiles
665 3870 814 3949 populum
828 3867 958 3930 hilarem
972 3886 1002 3933 et
1018 3879 1095 3956 jocis
1107 3875 1277 3938 inhiantem
1290 3882 1352 3939 suis
1367 3879 1504 3939 delecta-

348 3977 419 4028 nmt
439 3968 670 4044 certaminibus,
693 3981 746 4029 aut
764 3972 824 4031 alio
843 3982 980 4052 tempore
1002 3997 1057 4056 per
1078 3981 1160 4039 urbis
1176 3983 1291 4040 Romae
1312 3985 1504 4065 aliarumque

348 4069 470 4126 urbium
486 4074 516 4124 et
537 4087 686 4149 pagorum
701 4076 831 4153 compita
852 4094 885 4133 se
904 4080 1108 4156 praebuerrmt
1125 4082 1323 4164 spectandos3
1348 4084 1431 4168 quod
1449 4088 1503 4144 ille

349 4169 487 4230 Suetonii
500 4169 585 4229 locus
601 4175 703 4231 testari
717 4176 845 4236 videtur.
888 4180 1076 4261 Quapropter
1088 4203 1151 4242 uon
1166 4189 1312 4246 assentior
1325 4186 1437 4246 Botlub
1453 4188 1505 4246 iu-

349 4270 500 4351 telliganti
513 4267 671 4332 hominem
683 4275 803 4357 fortem,
817 4282 872 4361 qui
886 4301 1037 4364 quemque
1051 4286 1176 4345 obvium
1189 4289 1317 4348 minimo
1330 4286 1408 4369 (Sat.
1428 4293 1457 4365 1,
1473 4287 1505 4367 4,

350 4371 396 4452 9.)
418 4376 626 4451 provocaverit
643 4374 682 4437 ad
694 4401 839 4461 pugnam.
856 4418 900 4428 —
916 4384 962 4440 De
983 4387 1056 4466 ipsis
1074 4400 1212 4450 veterum
1231 4394 1429 4473 μονομαχίας
1443 4392 1507 4454 vid.

351 4491 427 4554 quos
448 4473 552 4533 laudat
574 4479 679 4539 Jacob.
703 4479 743 4539 ad
757 4484 885 4543 Lucian.
900 4486 1015 4544 Toxar.
1031 4509 1059 4547 c.
1082 4491 1133 4553 58.
1156 4511 1188 4570 p.
1213 4495 1286 4558 152.
1307 4525 1349 4535 -
1371 4497 1509 4552 coronari

357 4573 519 4654 Olympia,
554 4585 784 4660 στεφανοῦσθαι
811 4576 975 4666 Ὀλύμπια,
1016 4599 1050 4647 ut
1075 4590 1227 4654 Simonid.
1255 4596 1375 4674 Fragm.
1402 4595 1509 4660 val.
