3450 5334
239 514 278 580 41
328 513 615 579 COMMENTARII
630 515 673 577 IN
686 511 856 577 HORATII
869 514 946 576 LIB.
962 512 986 573 I.
1002 512 1129 574 EPIST.
1144 511 1297 585 QUART.
1331 509 1395 574 231

240 704 391 784 elegorum
417 715 556 782 poetam,
588 705 640 761 cui
662 705 725 782 ipae
758 701 851 760 libros
877 721 947 760 auor
967 700 1012 759 ud
1029 701 1238 781 00an
1261 700 1395 765 trudidit,

240 807 397 884 Praecipit
417 825 485 864 veru
493 848 506 876 ‚
528 815 563 862 ut
582 808 610 864 ei
630 803 774 864 rescribat
783 847 795 875 ,
816 825 875 884 quo
897 802 997 861 studio
1018 801 1168 860 laboraret
1189 813 1218 860 et
1231 801 1353 881 qualem
1365 823 1396 860 ae

239 919 317 988 ogot
337 910 370 966 in
391 907 500 985 oppido
520 907 665 980 Pedana,
681 906 764 987 quod
771 906 842 987 suit
862 925 923 963 non
943 905 1033 982 louge
1054 925 1075 962 o
1088 905 1211 977 Romo,·
1232 925 1315 962 nunc
1328 925 1395 961 vero

240 1029 301 1066 non
323 1019 385 1072 eet:
410 1009 465 1068 aed
482 1021 582 1067 tomen
603 1010 685 1088 regio
708 1007 757 1066 dtr·
775 1007 920 1081 utIJ'oeerra
936 1007 1071 1066 'Pedana
1091 1009 1245 1068 vocatur.“
1287 1006 1395 1067 Eadem

240 1112 366 1189 ratione,
383 1109 436 1169 uisi
451 1113 544 1170 omnia
563 1129 610 1169 me
623 1109 742 1188 fallunt,
765 1109 861 1171 Acron
874 1110 987 1169 Albium
1000 1109 1068 1168 facit
1088 1111 1251 1183 „criticum
1272 1113 1396 1188 arrepto-

240 1233 310 1270 rum
329 1213 489 1270 Horatii.“
531 1211 602 1272 Inde
624 1217 688 1272 orta
707 1213 820 1270 videtur
845 1213 941 1291 opinio
966 1211 1030 1288 illa,
1058 1229 1116 1287 que
1134 1210 1272 1270 Horatius
1289 1213 1396 1290 scripta

240 1332 293 1373 sua
305 1315 474 1374 commiserit
493 1313 610 1374 Tibullo
623 1314 796 1391 castiganda.
838 1313 874 1372 ln
894 1313 994 1372 eadem
1012 1318 1158 1390 perstant,
1179 1315 1257 1389 quod
1275 1315 1395 1392 mireris,

246 1414 376 1493 Vulpiua
391 1417 420 1474 in
436 1417 494 1478 via
508 1415 574 1479 Tib.
584 1439 612 1496 p.
618 1415 749 1475 vallt.
764 1415 810 1474 ed.
821 1415 927 1492 Heyu„
941 1415 1002 1473 Pla.
1012 1413 1088 1472 Am.
1099 1415 1137 1471 de
1151 1413 1282 1493 Golbery
1295 1414 1396 1500 (Com-

240 1522 326 1576 ment.
348 1518 385 1577 de
409 1518 475 1577 Tib.
496 1519 553 1579 vit.
577 1527 607 1577 et
628 1519 722 1579 Germ.
746 1515 835 1575 Paris.
860 1511 952 1580 1824.
976 1510 1004 1594 §.
1021 1515 1079 1594 1.),
1104 1515 1167 1593 ulii,
1190 1522 1222 1576 at
1246 1520 1396 1578 carmelite

239 1639 406 1678 sennonem
412 1620 512 1694 judex
530 1622 558 1682 h.
573 1620 591 1680 Ι.
615 1620 771 1679 contrarius
790 1625 835 1678 est
853 1615 997 1679 malevolis
1016 1623 1047 1675 et
1062 1618 1195 1694 malignis
1209 1637 1296 1694 quum
1308 1623 1395 1681 lecto-

240 1721 316 1779 ribus
331 1728 392 1780 bam
405 1723 523 1800 criticis,
543 1741 615 1800 quos
630 1721 785 1800 Horatius,
801 1723 869 1780 dum
882 1719 1013 1796 virebat,
1033 1726 1167 1797 expertus
1185 1727 1230 1780 eet
1244 1723 1394 1800 plurimos3

239 1823 317 1899 qnod
341 1833 417 1882 recte
439 1823 623 1882 observarunt
649 1823 822 1882 Schmidiue
845 1829 876 1882 et
901 1820 1100 1882 Wer‘ehertua.
1151 1821 1295 1883 Nonnulla
1312 1826 1395 1905 hujus

238 1924 448 2002 significationis
462 1925 590 2004 exempla
604 1923 860 2001 collegu'tGataker.
872 1921 1004 1984 adflare.
1013 1920 1148 1982 Antonin.
1158 1919 1189 2000 1,
1203 1927 1253 1987 23.
1267 1928 1394 2003 p.115.;

239 2028 276 2084 de
299 2043 330 2084 re
355 2028 418 2106 ipsa
441 2026 476 2088 ct'.
495 2025 569 2084 Plin.
589 2024 683 2106 Epist.
705 2027 742 2103 6,
769 2027 817 2089 17.
847 2027 1031 2104 Quapropter
1052 2043 1124 2100 quae
1139 2043 1174 2083 ex
1188 2024 1241 2084 hoc
1259 2046 1341 2085 versu
1357 2029 1395 2087 de

239 2127 347 2188 Tibulli
366 2134 460 2186 aetate
478 2127 548 2186 effici
568 2127 630 2186 vult
646 2127 817 2186 Poldomue
832 2125 953 2206 („Rdm.
975 2125 1080 2186 Er0t“
1101 2146 1130 2203 p.
1148 2123 1227 2204 50),
1248 2147 1347 2187 vereor
1362 2137 1395 2190 ut

238 2229 396 2310 probentur
410 2230 476 2288 viris
498 2231 598 2288 doctis.
635 2231 681 2290 Ct'.
704 2231 821 2308 Grupp.
836 2229 855 2288 Ι.
868 2227 887 2287 1.
908 2247 938 2306 p.
953 2227 1025 2291 253.
1055 2228 1236 2303 Quiuutem‚
1249 2235 1282 2288 ut
1296 2231 1395 2289 Lom-

239 2332 345 2409 binna,
375 2333 524 2389 Dooeriua
544 2353 691 2390 sermones}
715 2331 743 2391 b.
763 2329 782 2394 l.
813 2330 975 2407 intelligunt
997 2335 1028 2388 et
1054 2331 1163 2388 Satires
1187 2336 1217 2389 et
1238 2329 1393 2411 Epistulas,

237 2454 330 2493 rerum
345 2433 602 2511 chronologicarum
621 2435 713 2512 ignari
726 2440 794 2493 sunt
807 2434 938 2513 putandi.
974 2432 1046 2491 Vide
1067 2450 1139 2507 quos
1159 2431 1196 2489 de
1214 2431 1268 2490 bac
1284 2453 1315 2491 re
1333 2432 1393 2494 lau·

238 2537 365 2595 (lavimus
378 2537 415 2594 ad
426 2535 518 2614 Epist.
534 2537 571 2615 1,
587 2539 614 2599 1.
631 2557 660 2617 p.
677 2539 727 2601 26.
742 2542 772 2596 et
789 2537 822 2594 0.
840 2538 966 2596 Pueeov.
983 2533 1022 2596 Ν.
1037 2529 1107 2597 154.
1137 2533 1214 2592 Hine
1229 2554 1287 2595 uon
1301 2537 1394 2615 video,

238 2641 380 2715 quomodo
403 2639 435 2699 0.
458 2639 626 2718 Plautina,
651 2638 770 2716 diligens
791 2637 889 2697 talium
910 2657 1005 2696 rerum
1029 2636 1229 2714 investigator,
1257 2636 1302 2695 bie
1324 2636 1394 2715 Epi·

235 2741 326 2801 stulas
337 2739 486 2818 significari
502 2740 567 2822 (1.1.
590 2761 621 2820 p.
635 2739 700 2820 70.)
715 2742 769 2800 sibi
783 2741 964 2819 persuaserit.
994 2738 1034 2797 Et
1058 2739 1088 2797 in
1099 2756 1193 2797 errore
1213 2740 1316 2796 versari
1333 2758 1394 2816 eos,

237 2845 286 2920 qui
310 2843 347 2902 ob
370 2842 445 2901 bunc
467 2842 520 2903 loc.
541 2848 572 2901 et
594 2841 686 2918 Epist.
706 2843 737 2915 2,
758 2840 788 2916 1,
812 2841 883 2902 250.
899 2858 983 2899 omne
1004 2841 1083 2914 quod
1102 2841 1177 2897 inter
1198 2839 1341 2922 Epistulas
1363 2855 1394 2904 et

237 2945 346 3003 Satires
364 2943 514 3001 intercedit
535 2941 683 3000 &cumen
700 2941 819 3018 tollent,
844 2947 957 3018 praeter
968 2939 1039 2998 alios
1057 2941 1217 3017 nuperrime
1234 2943 1394 3005 observarit

236 3045 281 3102 A.
304 3045 344 3103 G.
364 3045 468 3116 Rein„
485 3044 519 3104 V.
534 3042 597 3120 Cl.‚
613 3044 643 3100 in
656 3041 869 3120 despectatione,
892 3063 953 3121 quo
968 3041 1005 3099 de
1020 3043 1120 3098 Peraii
1132 3052 1161 3097 et
1174 3042 1300 3102 Horatii
1314 3047 1393 3125 Epi-

236 3145 320 3205 etob's
340 3148 451 3224 agitur.
489 3144 583 3205 Gerae
602 3143 693 3206 1839.
715 3163 744 3222 p.
760 3145 789 3205 7.

320 3246 356 3306 V.
373 3249 401 3310 2.
451 3245 535 3324 Quid
546 3279 587 3290 -
603 3245 740 3306 Pedona.
784 3242 903 3302 Transit
922 3244 1060 3304 Horatius
1078 3245 1117 3303 ud
1128 3243 1235 3303 Tibulli
1254 3247 1392 3310 rationem

236 3348 327 3426 vitae,
358 3367 443 3425 quam
469 3350 578 3428 optime
601 3352 735 3425 noverat,
770 3346 982 3406 describendam
1010 3346 1143 3406 hortere
1163 3348 1263 3408 modo:
1292 3353 1391 3427 „quid

236 3457 297 3528 est,
330 3452 408 3526 quod
428 3457 459 3510 te
487 3469 562 3510 nunc
584 3451 676 3510 tacere
703 3447 849 3529 cogitent
881 3455 957 3508 certe
989 3448 1033 3507 vel
1054 3447 1145 3508 Musis
1165 3449 1209 3508 rel
1234 3453 1392 3532 sapientiae

235 3571 351 3630 operam
371 3553 484 3614 dabis.“
523 3552 579 3612 Alii
602 3555 632 3610 in
652 3552 695 3610 his
715 3551 808 3610 verbis
830 3549 949 3610 Paetum
966 3551 1065 3609 vident
1086 3551 1187 3611 eallide
1204 3553 1391 3630 tergiversan-

235 3651 328 3713 temlt
359 3654 393 3714 In
414 3677 483 3736 agro
502 3662 597 3715 autern
616 3655 750 3731 Pedana,
773 3653 821 3712 ubi
841 3653 928 3711 situm
939 3652 1006 3712 olim
1024 3653 1078 3711 tuit
1096 3653 1214 3712 Pedum
1224 3653 1391 3717 Latinorum

235 3757 390 3836 oppidum,
402 3761 526 3820 medium
541 3759 615 3819 inter
629 3758 782 3819 Praeneste
802 3763 833 3815 et
847 3754 940 3814 Tibur
957 3749 1050 3837 (nunc
1062 3751 1237 3840 ΖαςιῐοΙο),
1260 3757 1391 3818 Tibullus

208 3931 212 3940 ι
235 3856 334 3916 hebuit
346 3865 495 3936 paternum
514 3863 574 3920 sive
585 3863 691 3920 avitum
703 3859 858 3939 praedium.
901 3855 947 3916 De
960 3857 1014 3916 hoc
1025 3859 1150 3937 oppido,
1172 3860 1250 3937 cujus
1270 3863 1391 3922 mentio-

235 3979 299 4019 nem
316 3961 423 4020 taciunt
437 3961 500 4022 Liv.
514 3965 545 4042 8,
560 3965 611 4026 12.
626 3964 675 4025 13.
693 3961 778 4040 (Plin.
795 3960 834 4019 H.
849 3960 888 4021 N.
907 3959 995 4038 3,5.)
1012 3967 1043 4020 et
1057 3961 1233 4021 scholiastae
1248 3959 1388 4041 Porphyr.

235 4067 265 4119 et
281 4061 388 4138 Croq„
402 4065 459 4126 vid.
480 4051 673 4143 Weetphol.:
697 4064 772 4142 „die
786 4061 871 4124 Rem.
886 4063 1082 4141 Campugne“
1101 4084 1130 4143 p.
1140 4064 1227 4141 102,
1253 4063 1336 4123 lbra.
1351 4069 1389 4125 ad

236 4161 304 4223 Tib.
328 4163 366 4240 1,
393 4167 430 4244 7,
452 4165 502 4248 (3)
530 4167 580 4230 57.
608 4189 639 4248 p.
666 4169 736 4230 101.
757 4167 802 4224 ed.
826 4164 953 4242 Tubing.
975 4164 1069 4227 1810.
1112 4165 1158 4225 Cf.
1187 4166 1307 4243 Grupp.
1330 4164 1348 4228 l.
1369 4169 1388 4230 l.

234 4289 264 4347 p·
277 4267 354 4427 257.
369 4369 398 4431 3.
436 4367 625 4428 Scribere-
640 4374 753 4430 vineat.
785 4370 869 4440 Quae
882 4368 919 4427 de
937 4367 1037 4426 Cassio
1049 4365 1194 4426 Parmensi
1207 4369 1388 4447 ejusdemque

233 4470 413 4529 interfectore
433 4470 542 4540 Quinto
564 4471 640 4533 Varo
668 4473 723 4554 (sic
748 4470 842 4531 Acron
863 4476 894 4529 et
919 4469 1015 4533 Scbol.
1031 4468 1136 4550 Cruq.)
1155 4474 1275 4530 tradunt
1296 4471 1387 4532 Scho-

233 4571 350 4651 linetae,
368 4591 403 4633 ea
420 4571 525 4634 collato
539 4573 721 4634 Ruhnkenr'o
736 4575 773 4636 ed
786 4573 886 4654 Vellej.
898 4571 1008 4635 Patere.
1022 4575 1057 4651 2,
1072 4575 1124 4637 88.
1150 4573 1279 4634 sollerter
1292 4593 1386 4634 aueu-
