3450 5334
352 530 416 598 888
458 528 995 593 666666116661606116
1017 528 1128 593 LlB.l.
1150 530 1404 597 EPlST.SEPT.
1449 534 1513 599 110

353 725 391 782 ad
406 722 471 782 uu.
491 723 549 797 16,
578 717 628 782 16.
672 716 780 776 Aeaeo
799 736 846 797 sp.
868 718 980 797 Apulej.
1001 720 1038 777 de
1060 718 1200 797 Ortuogr.
1219 736 1250 797 p.
1271 720 1303 781 9.
1325 723 1373 780 ed.
1398 721 1508 781 Osann.

352 826 457 900 Neque
476 824 581 881 desunt
605 820 734 899 exempla
753 822 784 879 in
803 820 923 878 alteram
947 826 1068 899 partem.
1113 820 1162 879 Sic
1179 824 1293 879 Menos
1310 823 1510 901 Dispensator

351 944 400 1003 ap.
421 923 590 983 Bourdelot.
616 924 646 980 in
664 923 744 981 uotis
764 923 802 980 ad
822 922 941 981 Petrou.
963 922 1015 985 80.
1059 923 1210 983 Praeclare
1229 925 1283 983 hae
1302 926 1340 983 de
1358 928 1508 1004 66111666-

353 1030 424 1087 tavit
453 1026 610 1097 Bentlejuo
633 1025 664 1083 in
692 1023 823 1102 Epistola
848 1027 885 1084 ad
911 1024 1029 1085 Millium
1056 1046 1085 1104 p.
1109 1027 1160 1089 83.
1192 1024 1316 1105 (Opusc.
1338 1026 1437 1106 philol.
1461 1028 1507 1086 ed.

351 1128 434 1209 Lips.
456 1132 549 1193 1781.
569 1147 600 1206 p-
624 1122 687 1189 617
709 1126 790 1206 sqq.)
811 1126 895 1186 Adde
916 1128 1012 1186 Stura.
1032 1127 1052 1187 l.
1073 1146 1161 1207 supra
1178 1128 1254 1187 laud.
1283 1150 1314 1207 p.
1335 1124 1356 1189 4
1377 1148 1443 1206 sqq.
1471 1130 1507 1186 Ο.

351 1234 516 1292 Schneider.
536 1228 680 1288 Formenl.
699 1248 731 1307 p.
754 1228 805 1293 20.

435 1334 472 1393 V.
494 1332 545 1395 66.
567 1350 632 1409 sqq.
676 1332 874 1404 Pmeoonsm,
890 1333 975 1391 tenui
994 1350 1098 1404 ceusu,
1120 1333 1175 1409 cui,
1196 1338 1229 1391 ut
1248 1330 1358 1389 Lucan.
1378 1332 1409 1407 6,
1432 1331 1505 1397 628.

351 1438 433 1496 vitae
458 1444 524 1492 tuto
543 1432 683 1511 facultas
702 1436 853 1513 Pauperis
877 1434 1061 1513 angnwtique
1087 1434 1173 1492 laris.
1225 1434 1271 1493 De
1295 1452 1383 1493 censu
1410 1434 1506 1504 tenui,

353 1540 448 1608 brevi,
468 1546 598 1615 arsgrwto
618 1538 675 1595 vid.
697 1537 734 1594 ad
757 1541 787 1612 1,
810 1541 840 1615 13
862 1533 914 1599 43.
937 1542 968 1595 61
990 1538 1026 1595 61.
1049 1536 1139 1596 Dralr.
1162 1540 1199 1595 ad
1218 1537 1270 1595 Sil.
1292 1535 1356 1595 Ital.
1377 1538 1409 1611 7,
1433 1537 1503 1600 167.

354 1643 398 1701 116
417 1638 578 1717 symmach.
599 1639 693 1717 Epist.
710 1643 741 1714 1,
760 1640 813 1701 87.
827 1639 977 1717 fortunae
998 1642 1104 1698 tenuis.
1145 1638 1191 1698 De
1212 1638 1412 1717 praeconibus,
1432 1657 1505 1715 quo-

351 1766 414 1803 rum
442 1742 536 1800 varius
568 1749 598 1801 et
624 1741 770 1819 multiplex
791 1762 860 1800 usus
882 1743 953 1818 suit,
985 1743 1042 1801 vid.
1065 1742 1168 1802 Lamb.
1190 1744 1226 1800 ad
1247 1742 1276 1798 lr.
1300 1740 1319 1797 l.
1340 1740 1446 1797 Heind.
1467 1741 1504 1799 ad

351 1848 414 1905 Sat.
438 1847 475 1921 1,
497 1846 534 1919 6,
555 1844 607 1905 86.
649 1844 758 1903 Herm.
779 1841 1054 1903 Hubert-Dissert.
1076 1844 1113 1903 ll.
1131 1846 1199 1921 „de
1217 1840 1396 1919 Argentariis
1416 1841 1504 1900 Vete-

351 1948 441 2007 rnm“
469 1947 507 2023 3,
543 1948 573 2009 2.
600 1965 630 2023 p·
651 1946 693 2008 76
715 1964 781 2024 sqq.
804 1954 835 2005 et
858 1946 998 2005 Greuzen'
1030 1946 1160 2024 „Abriss
1182 1947 1234 2004 der
1254 1945 1357 2003 Roem.
1377 1941 1505 2020 Antiq.“

350 2050 375 2122 §.
401 2048 472 2111 173.
514 2048 578 2106 lluc
599 2057 693 2107 autem
713 2050 799 2126 16611,
828 2050 905 2127 quod
925 2065 1083 2128 praecones
1105 2052 1206 2126 utpote
1226 2046 1355 2106 homines
1376 2046 1446 2105 viles
1467 2047 1504 2105 de

351 2170 403 2209 sua
423 2150 597 2209 humanitate
617 2150 690 2209 male
712 2153 864 2211 audierunt
886 2152 947 2213 Cic.
967 2170 1012 2228 pr.
1034 2152 1134 2219 Quint.
1157 2150 1197 2224 8,
1226 2151 1276 2212 11.
1320 2146 1384 2207 Juv.
1407 2151 1445 2223 7,
1472 2150 1504 2209 6.

350 2253 420 2329 ibiq.
437 2252 560 2329 Rupert.
581 2284 624 2297 -
643 2253 709 2309 sins
725 2255 850 2311 erimine
869 2262 972 2310 notum
994 2254 1013 2314 1.
1030 2271 1056 2311 e.
1078 2250 1155 2310 66116
1170 2251 1355 2328 improbitate
1376 2248 1504 2308 infamia-

350 2374 417 2432 que,
438 2356 498 2411 sire
518 2354 659 2412 hominem
679 2372 737 2412 non
757 2356 902 2431 infamem,
924 2358 976 2413 sed
998 2354 1072 2411 bene
1091 2354 1273 2429 audientem,
1295 2354 1372 2430 quod
1392 2352 1505 2429 quidem

351 2457 525 2516 contrarium
544 2457 660 2533 ponitur
679 2456 775 2513 verbis
796 2466 855 2519 tm.
878 2474 979 2525 oens„
1011 2462 1043 2513 ut
1064 2474 1112 2534 ap.
1135 2455 1255 2524 Quintil.
1278 2453 1405 2514 Decium.
1428 2452 1504 2515 331.

350 2556 441 2636 Inops
462 2575 565 2627 66666,
582 2558 637 2614 ssd
654 2559 781 2636 integer,
801 2560 867 2615 6166
885 2558 1011 2615 erimine
1028 2564 1083 2617 eto.
1127 2560 1222 2636 Saepe
1238 2558 1313 2617 enim
1328 2556 1504 2634 praepositio

351 2662 415 2717 siue
441 2676 504 2717 6661
530 2673 599 2717 casn
626 2677 679 2717 suo
704 2662 803 2736 juncta
822 2662 941 2719 inservit
960 2661 1127 2738 praedicato
1146 2662 1281 2737 negative
1300 2656 1503 2717 describendo.

347 2763 393 2821 lta
412 2761 476 2819 Juv.
498 2761 537 2836 7,
565 2762 637 2825 207.
669 2770 786 2819 nauem
807 2774 837 2821 et
859 2764 925 2821 uine
949 2764 1082 2842 pondere
1101 2738 1221 2823 terrant.
1265 2760 1351 2819 Ovid.
1371 2758 1443 2817 1161.
1469 2760 1503 2833 7,

349 2863 423 2928 276.
444 2864 508 2919 siue
528 2864 648 2921 nomino
666 2863 765 2928 rebus.
807 2866 904 2925 Sedul.
928 2860 965 2943 4,
998 2870 1027 2931 2.
1049 2868 1113 2923 sino
1133 2866 1253 2922 nomino
1272 2864 1400 2919 mixtum
1424 2860 1504 2920 Vul-

347 2986 417 3045 guo.
461 2965 548 3023 Astu.
575 2965 626 3025 lat.
655 2967 694 3043 3,
722 2968 780 3043 60,
811 2969 841 3029 1.
859 2966 958 3045 semu
977 2969 1042 3025 sine
1063 2970 1188 3026 erimine
1208 2984 1354 3043 pannum.
1399 2963 1503 3022 66666.

348 3068 457 3128 Phoen.
479 3070 552 3131 613.
599 3069 672 3126 Siue
691 3071 816 3126 erimine
836 3068 916 3127 exul.
962 3068 1026 3128 Alia
1053 3070 1122 3129 talia
1149 3068 1333 3148 suppeditant
1354 3066 1450 3125 Bentl.
1472 3071 1504 3123 et

349 3168 475 3228 Sehmid.
497 3171 534 3227 ad
555 3169 584 3228 h.
606 3169 626 3229 l.
650 3168 737 3229 Faba.
759 3176 791 3229 et
810 3172 938 3249 Herzog.
959 3173 996 3231 ad
1017 3172 1087 3231 Sall.
1110 3172 1176 3249 Jug.
1201 3171 1257 3245 10,
1293 3171 1321 3231 1.
1373 3168 1450 3227 Idem
1471 3172 1502 3225 et

348 3273 442 3331 Kritz.
467 3268 671 3349 61116664,
697 3274 727 3335 6.
780 3272 869 3331 Roth.
897 3274 934 3331 ad
954 3274 1027 3333 Tac.
1050 3274 1146 3352 Agris.
1169 3293 1198 3351 p.
1222 3270 1298 3337 230.
1352 3268 1439 3330 Fabr.
1460 3270 1499 3327 sd

347 3374 413 3434 Liv.
436 3376 493 3450 22,
521 3376 560 3449 7,
582 3374 612 3437 6.
657 3374 740 3433 cort.
763 3376 801 3434 ad
822 3373 933 3433 Lucan.
957 3378 994 3451 1,
1018 3376 1090 3440 260.
1133 3374 1221 3435 Hera.
1244 3375 1281 3432 ad
1303 3372 1388 3432 Caes.
1409 3374 1444 3431 B.
1466 3372 1501 3430 C.

348 3478 387 3553 8,
416 3476 469 3538 93.
503 3481 534 3533 et
563 3494 636 3552 quos
665 3476 763 3535 laudat
788 3475 876 3535 [1666.
898 3478 935 3535 ad
961 3476 1035 3535 Tae.
1056 3476 1132 3537 Dial.
1155 3479 1192 3535 de
1220 3476 1274 3534 Or·
1297 3472 1348 3537 40.
1376 3495 1407 3554 p·
1428 3476 1501 3539 271.

346 3578 486 3637 1116111611.
508 3578 539 3635 16
560 3578 662 3637 Zimm.
692 3579 917 3654 ,,Ζ6116616111.“
940 3580 1032 3642 1887.
1054 3600 1084 3658 p·
1106 3580 1179 3642 866.
1223 3578 1279 3648 Qui
1299 3576 1355 3637 hoo
1375 3578 1503 3637 insolen-

348 3686 395 3737 ter
414 3680 521 3737 diotam
537 3685 724 3758 praetexunt,
753 3682 807 3758 iis,
836 3683 861 3740 61
879 3684 943 3759 jure
964 3683 993 3741 id
1015 3683 1161 3759 facerent,
1189 3680 1286 3738 sobria
1307 3680 1354 3738 illa
1379 3681 1506 3739 Gesner-i

347 3784 386 3840 ad
402 3782 466 3841 Sat.
487 3784 517 3857 1,
537 3780 570 3857 4,
591 3781 640 3847 26.
656 3782 811 3843 admonitio
828 3786 985 3861 ingerenda
1000 3791 1094 3843 esset:
1116 3782 1171 3860 „Si
1189 3782 1344 3860 singularia
1365 3786 1457 3841 omnia
1472 3788 1503 3841 et

347 3884 437 3944 semel
464 3890 576 3944 tautum
606 3882 760 3942 observata
790 3887 985 3945 damnamus“
1012 3894 1068 3946 616.
1112 3884 1208 3963 Atque
1235 3885 1273 3943 ad
1296 3884 1371 3943 huna
1390 3884 1503 3961 quidem

347 3987 527 4067 looum'nihil
548 3986 643 4066 aptius
664 3985 769 4045 Volteii
788 4006 948 4066 responso,
975 4007 1051 4066 quo,
1077 3991 1117 4049 uti
1137 3994 1217 4047 recte
1238 3987 1402 4045 observavit
1424 3986 1503 4044 Geo-

346 4109 454 4165 nerus,
475 4089 542 4167 „ab
561 4089 725 4147 innocentia
745 4108 778 4149 66
798 4092 895 4169 661166
917 4090 1061 4169 nobilem,
1082 4108 1167 4169 quarn
1186 4089 1367 4149 nobilitatum
1385 4088 1501 4165 flagitiis

346 4198 396 4251 aut
417 4192 455 4249 ob
476 4192 616 4270 ignaviam
637 4190 789 4250 obscurum
809 4192 899 4250 esse“
921 4192 1056 4253 declarat.
1099 4193 1246 4271 Negativa
1266 4198 1361 4251 autem
1380 4189 1502 4249 formida

347 4295 479 4354 consulto
502 4314 570 4353 usus
588 4294 636 4377 1116
657 4299 703 4353 661
719 4296 836 4372 jocosus
857 4292 965 4371 Poeta,
985 4300 1018 4353 ut
1036 4296 1158 4355 hominis
1177 4296 1252 4354 bona
1273 4294 1368 4369 sama,
1389 4293 1419 4350 16
1439 4291 1501 4351 616·

346 4399 449 4459 mentis
471 4396 598 4472 ethices,
627 4396 751 4454 crimine
771 4414 884 4467 omaro,
904 4398 999 4475 posita
1018 4403 1048 4455 et
1065 4398 1140 4456 haud
1161 4394 1246 4455 dubie
1266 4396 1321 4473 ipsi
1340 4395 1502 4453 66666111-

346 4500 416 4558 tutis
442 4518 623 4575 sununaeque
649 4498 742 4557 laudis
768 4497 833 4556 1666
859 4498 957 4558 habits
976 4499 1109 4579 Philippo
1128 4498 1276 4577 quaerenti
1303 4499 1357 4556 rite
1385 4498 1500 4555 innote-

346 4606 450 4661 sceret
493 4601 532 4659 Et
553 4618 656 4679 reapse
674 4616 757 4676 „non
776 4616 865 4677 parva
885 4599 946 4661 laus
967 4606 1048 4679 erat,
1069 4620 1134 4663 uam
1157 4602 1204 4680 qui
1226 4618 1336 4681 pauper
1358 4600 1445 4675 est‚“
1467 4606 1519 4657 ut·
