3450 5334
330 499 617 562 committi
631 501 672 560 IN
686 499 854 560 nomn
874 497 1003 559 EPIST.
1024 499 1135 564 Pam.
1151 500 1226 559 Lm.
1247 501 1272 557 Ι.
1342 493 1387 559 39

215 668 359 752 quidem,
384 671 523 751 alioquin
536 669 664 729 verbum
677 668 798 728 forense
812 665 864 746 (lt.
880 671 979 728 lllotz.
995 667 1035 727 ad
1045 669 1108 730 Cic.
1122 670 1217 728 Tusc.
1231 668 1263 743 2,
1277 669 1313 741 2,
1328 665 1385 746 5.),

217 775 310 832 etiam
321 770 374 830 hic
383 775 485 848 ralet3
500 775 622 832 Petron.
634 774 706 836 117.
734 772 790 830 Uri
791 815 802 842 ,
817 772 939 842 s’irrer'ri,
952 769 1254 851 verberariserrnque
1262 771 1384 844 ηωανίς

220 885 247 932 et
261 873 412 953 quieqrrid
420 875 513 934 alud
523 873 694 952 Ermwlgrrrs
699 876 860 947 jussisset,
894 886 1043 953 tarrqaam
1058 872 1187 954 legia'rsi
1198 872 1385 952 gladiatores

219 975 340 1034 domum
361 996 488 1055 corpora
505 978 686 1056 oramusque
702 975 921 1055 religioer'ru'mt
935 975 1114 1036 addicares.
1136 975 1247 1033 lleind.
1261 973 1302 1034 ad
1319 974 1385 1034 Sat.

221 1081 301 1154 27,
316 1079 371 1141 58·
396 1079 437 1137 lit
460 1082 504 1139 sio
524 1081 649 1138 omniuo
670 1099 702 1136 ee
719 1077 858 1137 addicere
872 1080 894 1138 i.
909 1099 937 1137 e.
959 1081 992 1137 in
1014 1080 1192 1136 servitutem
1211 1097 1246 1137 se
1265 1075 1384 1136 tradere

221 1179 298 1262 (rid.
309 1178 436 1240 Ruhnk-
447 1179 489 1240 ad
502 1182 608 1260 Vellej.
621 1183 653 1256 2,
671 1177 737 1259 18.)
753 1178 836 1262 quod
852 1192 916 1240 erat
929 1201 1045 1256 eorum,
1064 1183 1118 1262 qui
1130 1177 1271 1240 homiues
1285 1181 1383 1250 liberi,

222 1292 256 1340 ut
273 1280 457 1360 gladiatores
477 1283 596 1360 fierent,
624 1303 658 1342 se
671 1281 873 1342 attolerabant
893 1280 1069 1365 (llichstad.
1090 1281 1130 1342 ad
1141 1281 1266 1343 lluhuk.
1278 1284 1383 1364 Antiq.

221 1385 308 1443 llum.
323 1387 393 1444 XX.
408 1406 440 1465 p.
458 1383 489 1448 5.
503 1395 566 1445 not.
583 1381 649 1465 48).
682 1387 784 1444 lltiam
799 1389 981 1466 rrragistram
999 1384 1203 1465 gladiatorum
1219 1383 1314 1445 habes
1334 1405 1382 1464 ap.

221 1487 285 1544 cic.
301 1483 340 1544 de
355 1488 436 1546 Orat.
452 1489 483 1563 8,
499 1489 552 1564 28,
567 1487 618 1550 86.
640 1487 822 1568 ceteroquin
837 1479 912 1548 scitis
926 1489 1097 1549 observavit
1107 1487 1305 1548 marram
1319 1487 1383 1568 (1.1.

220 1600 284 1648 not.
301 1589 368 1664 50.)
388 1591 500 1650 multae
514 1587 661 1673 loquendi
674 1590 821 1650 iorrnules
836 1589 1007 1674 agendique
1021 1594 1153 1652 rationes
1167 1610 1208 1649 ex
1219 1589 1301 1649 ludis
1308 1589 1384 1666 gla-

220 1691 359 1748 diatoriis
377 1688 418 1749 ad
432 1689 553 1752 scholas
567 1695 618 1752 rel
637 1693 766 1770 majores
778 1696 828 1753 rel
844 1697 979 1755 rninores
988 1695 1150 1753 translatae
1164 1712 1241 1752 esse.
1266 1691 1383 1752 Seneca

221 1811 345 1872 quoque
358 1793 391 1850 iu
406 1813 438 1852 re
451 1814 515 1854 non
528 1794 619 1854 valde
637 1794 778 1855 dissimili
789 1795 897 1856 eadem
908 1800 1004 1857 utitur
1014 1798 1158 1876 allegoria
1172 1797 1205 1853 iu
1218 1797 1315 1875 Epist
1330 1794 1383 1858 87.

220 1895 397 1954 llorurulam
403 1895 527 1974 jurandi
540 1899 639 1978 ipsam
653 1908 684 1956 et
694 1900 830 1958 militum
845 1909 876 1956 et
892 1896 1097 1978 gladiatorum
1114 1896 1289 1977 suppeditat
1306 1899 1336 1957 J.
1344 1897 1382 1954 D.

221 1997 369 2058 casellius
385 1991 514 2080 (variar.
531 2001 566 2077 1,
587 2000 634 2080 8.)
655 2002 688 2060 in
703 2001 790 2060 Grut.
804 2003 900 2080 lamp.
914 2003 979 2060 crit.
996 2005 1049 2062 ΠΙ.
1064 2021 1095 2081 p.
1111 2001 1185 2064 202.
1210 2003 1266 2058 llis
1276 2000 1383 2078 positis
1450 2035 1460 2059 .

220 2099 287 2160 luce
301 2100 412 2158 clarius
426 2112 565 2180 apparet,
591 2123 686 2184 quam
703 2105 811 2164 festive
823 2105 919 2162 Poeta
936 2123 1024 2163 suam
1037 2099 1189 2163 sentiendi
1210 2102 1382 2160 libertatem

220 2199 431 2278 declaraverit,
456 2221 518 2284 qua
536 2215 571 2264 ut
582 2205 750 2284 ᾰὼοῲιιίω
768 2208 910 2285 magistri
924 2207 1035 2286 placita
1053 2226 1109 2285 pro
1127 2205 1257 2264 oraculis
1271 2201 1382 2260 habere

219 2304 334 2378 nollet,
355 2305 483 2364 minime
499 2307 613 2369 iaciens
631 2328 703 2367 cum
722 2310 777 2384 iis,
806 2310 859 2389 qui
880 2310 915 2366 in
934 2309 989 2367 illa
1013 2302 1105 2382 aelric
1125 2306 1186 2387 laq
1205 2307 1382 2365 auctoritate

218 2405 406 2487 praesidium
429 2421 617 2489 quaererent.
659 2411 706 2470 (ll.
726 2408 898 2470 llemsterh.
919 2409 959 2470 ad
979 2413 1105 2470 Irucian.
1120 2410 1237 2489 tigrin.
1251 2409 1304 2471 28.
1346 2411 1383 2466 ln

218 2529 282 2568 reru
297 2510 375 2569 olim
388 2513 546 2574 attulimus
560 2515 623 2576 cte.
639 2515 734 2574 Tusa.
750 2516 782 2588 2,
800 2515 831 2576 2.
848 2533 962 2594 nosque
973 2515 1054 2592 iosos
1067 2512 1213 2592 redargui
1224 2510 1382 2591 refellique

213 2615 393 2691 patiam,
421 2615 504 2693 quod
520 2616 546 2672 ir·
558 2615 671 2695 serrant
687 2618 792 2695 iniquo
811 2619 915 2676 arurae
924 2658 938 2689 ‚
960 2617 1113 2696 quiea-tis
1131 2613 1316 2696 quibasdam
1329 2613 1383 2673 ‹ls-

217 2718 397 2794 stinatirque
411 2719 562 2776 ementire
577 2720 669 2797 quasi
684 2718 837 2778 addicti
851 2730 881 2775 et
892 2721 1058 2776 consecrati
1064 2729 1137 2776 eunt
1148 2737 1243 2797 eaque
1255 2719 1382 2775 necessi-

217 2829 280 2876 tate
293 2821 462 2890 comlrreti,
480 2830 514 2877 ut
528 2822 620 2878 eliam
634 2841 713 2900 qnae
724 2839 785 2878 nors
795 2819 928 2896 probare
944 2821 1075 2891 soleant,
1095 2840 1132 2878 ea
1146 2830 1295 2898 cogantw
1309 2839 1382 2877 corr-

216 2924 350 2979 starstr'ae
365 2941 461 2980 eausa
475 2921 643 3001 defendere.
689 2923 736 2982 ef.
752 2920 828 2982 ibid.
845 2919 884 2998 4,
908 2920 939 2988 4.
963 2923 1079 2981 Seneca
1092 2919 1132 2980 de
1144 2924 1206 2982 Vit.
1219 2922 1250 2980 b.
1267 2922 1299 2984 8.
1321 2943 1382 2979 nors

216 3023 315 3104 alligo
328 3043 380 3083 rrre
398 3024 444 3084 ad
459 3045 556 3083 ruram
569 3025 704 3104 aliquem
717 3047 753 3084 ea
772 3026 882 3085 Stoicis
888 3022 1075 3102 proceribus.
1105 3023 1164 3082 Est
1174 3034 1205 3081 et
1222 3022 1301 3082 milri
1310 3043 1383 3080 cere-

216 3126 305 3188 medi
312 3130 372 3201 jus
385 3159 429 3171 -
444 3137 476 3184 et
490 3129 587 3208 Epist.
601 3128 655 3192 88.
674 3129 750 3188 Non
764 3147 870 3186 sumus
883 3124 941 3184 σιώ
956 3147 1040 3207 rege,
1059 3124 1119 3183 ribi
1129 3127 1256 3205 qrehque
1265 3145 1298 3184 se
1311 3127 1382 3184 virr-

216 3229 310 3288 dr'cat.
333 3261 378 3274 -
395 3227 444 3286 Ar
456 3240 561 3288 ooaau
574 3233 663 3303 reae,
679 3243 736 3304 est,
759 3241 788 3288 et
802 3228 975 3310 errasaeere
987 3250 1148 3311 querique,
1161 3249 1218 3286 nee
1228 3227 1269 3286 ab
1283 3250 1382 3287 exerr-

211 3331 301 3412 plari
308 3331 442 3410 pendae
465 3343 494 3389 et
511 3334 596 3392 toties
618 3334 801 3414 magristrum
822 3334 976 3409 respicere.
1006 3331 1084 3391 ibid
1107 3333 1157 3394 12.
1180 3331 1381 3391 Perseverabo

215 3435 389 3513 Epicurean
403 3433 461 3492 trlrr'
474 3437 626 3516 ingerere:
649 3445 685 3493 ut
700 3435 771 3505 isti,
784 3436 839 3513 qui
851 3436 886 3493 irr
899 3434 994 3494 verba
997 3439 1113 3511 jurant
1123 3454 1192 3506 nee,
1208 3434 1286 3513 qaid
1294 3435 1381 3492 diea-

216 3549 281 3610 τιν,
303 3540 471 3596 manunt.
503 3537 580 3596 lbid
597 3535 650 3603 45.
679 3539 806 3610 Quintil.
822 3539 897 3595 lust.
916 3538 954 3612 8,
976 3539 1012 3613 1,
1030 3540 1084 3603 22.
1113 3537 1224 3618 Neque
1239 3538 1319 3594 enim
1334 3557 1381 3594 me

216 3644 402 3720 cujusquam
414 3649 511 3698 sectae
519 3683 533 3710 ,
555 3639 639 3700 velut
653 3639 789 3719 quadam
805 3641 1014 3717 superstitione
1030 3637 1164 3699 urimur
1170 3682 1185 3710 ,
1207 3639 1323 3696 addixi.
1338 3673 1381 3684 -

213 3747 398 3824 Quanquam
410 3743 505 3801 Poeta
518 3738 568 3802 his
586 3745 660 3823 ipsis
674 3745 738 3802 iere
755 3743 855 3802 verbis
872 3761 905 3801 se
923 3743 1076 3822 professus
1096 3752 1143 3801 est
1162 3736 1381 3822 philosophum

213 3840 403 3920 munds,
419 3845 587 3906 Lambinus
607 3855 711 3904 tamen
729 3843 885 3927 quandam
899 3841 952 3903 hio
964 3843 1050 3904 ridet
1065 3845 1286 3926 professionem
1298 3846 1380 3900 Aca-

213 3946 413 4022 demicorum,
435 3967 566 4029 quorum
579 3949 673 4008 fuerit
687 3949 769 4007 melli
785 3952 830 4008 rei
844 3949 995 4007 memtiri.
1022 3948 1176 4030 cruquius
1188 3956 1291 4005 contra
1310 3945 1380 4019 „Au

212 4052 363 4125 auteur,“
391 4051 508 4130 inquit,
535 4059 600 4126 „nt
626 4049 752 4131 qnidam
768 4053 923 4126 sentiunt,
952 4051 1097 4110 Horatius
1118 4047 1169 4109 hic
1189 4046 1379 4107 Academicis

212 4149 409 4212 ascribendus
423 4153 475 4230 sit,
492 4150 610 4229 judicet
623 4154 738 4228 lector3
763 4151 841 4212 mihi
855 4164 936 4212 certe
950 4173 1014 4212 non
1027 4163 1161 4234 apparet,
1180 4154 1241 4210 uisi
1256 4171 1328 4212 eum
1340 4150 1379 4210 de

210 4273 292 4316 nora
307 4251 476 4314 Academia
492 4255 588 4316 sume
601 4257 829 4337 Arcesilamque
843 4265 1000 4330 secutum,
1018 4250 1081 4340 (i)
1102 4253 1182 4315 nihil
1198 4265 1280 4314 certo
1295 4274 1380 4314 asse-

210 4359 310 4418 ruisse
320 4355 515 4436 judicemus:
533 4377 595 4441 qua
609 4360 643 4418 in
659 4359 803 4440 opinione
818 4377 890 4417 eum
901 4359 1069 4438 pugnantia
1078 4355 1178 4417 dicere
1191 4377 1315 4417 neceme
1323 4368 1379 4431 est,

210 4471 247 4520 ut
260 4462 314 4543 qui
331 4462 367 4520 in
380 4461 497 4521 nullius
511 4463 649 4542 magistri
662 4462 754 4521 rerba
764 4464 866 4542 jurare
884 4480 918 4521 se
933 4460 1081 4520 scribat.“
1123 4463 1256 4520 Rursum
1278 4462 1380 4519 Herie-

211 4564 274 4624 πίω
293 4566 428 4631 Pactam
449 4563 483 4622 in
508 4565 548 4626 iis
572 4567 722 4626 aeleaticis
745 4566 851 4646 pouit,
884 4583 1015 4646 quonum
1043 4561 1110 4623 dux
1132 4565 1225 4624 luerit
1251 4566 1379 4626 Potamo
