3450 5334
210 552 274 619 127
314 541 664 609 committunt
683 541 853 608 nonem
872 542 948 605 LIB.
962 541 988 605 Ι.
1005 540 1134 605 EPIST.
1147 541 1259 605 SEPT.
1305 540 1371 607 809

210 736 307 799 Beier.
327 734 367 795 ad
385 734 448 795 Cic.
470 734 558 795 offic.
579 733 613 811 8,
634 729 667 811 4,
689 734 741 798 18.
782 728 910 790 Preeirit
925 730 1075 791 Erasmus
1093 732 1124 793 in
1146 728 1260 809 Adsgg.
1284 733 1315 807 1,
1337 732 1370 809 6,

209 838 281 911 89.;
299 838 330 897 in
350 838 521 897 senteutiam
543 841 710 915 comparant
727 853 841 913 quoque
858 831 941 892 Pers.
962 830 996 908 4,
1014 832 1066 897 61.
1116 834 1227 891 Tecum
1241 831 1369 891 Ιιαὸἰωε
1391 821 1394 827 ’

210 940 295 998 noris
312 957 407 1017 quiam
426 942 469 997 eit
487 938 543 997 cibi
561 948 649 997 curta
668 935 811 1015 supellex.
852 933 1017 995 Dictionem
1037 953 1142 994 vorem
1162 946 1218 1007 est,
1240 938 1293 1011 12,
1316 936 1369 1012 23,

210 1060 299 1119 quarn
321 1037 484 1099 Scholiasta
507 1040 597 1117 Cruq.
617 1040 821 1117 interpretatur
841 1056 973 1117 acquum
995 1045 1037 1093 est
1056 1054 1095 1094 ac
1113 1035 1214 1109 docet,
1241 1036 1370 1117 pluribus

209 1141 335 1203 illustrat
360 1139 556 1211 Summus,
591 1140 668 1200 adde
686 1138 785 1201 Bentl.
805 1139 843 1200 ad
860 1138 957 1218 Epist.
980 1140 1021 1214 1,
1047 1137 1085 1214 3,
1110 1138 1162 1202 38.
1204 1138 1310 1201 Heind.
1332 1140 1371 1201 ad

210 1242 276 1301 Sat.
298 1244 336 1321 2,
362 1241 402 1317 8,
426 1241 501 1307 208.
541 1241 662 1301 Vavass.
681 1240 780 1302 Antii).
799 1262 832 1323 p.
851 1241 925 1306 608.
967 1238 1049 1299 eort
1072 1241 1111 1300 ad
1136 1242 1197 1305 Cic.
1216 1240 1311 1321 Epist.
1332 1242 1371 1301 nd

210 1342 278 1405 Div.
301 1345 333 1419 2,
362 1344 415 1418 17,
436 1344 467 1407 5.
491 1345 580 1404 etad
599 1343 674 1404 Plin.
695 1344 751 1424 Ep·
772 1347 805 1423 8,
822 1348 855 1421 2,
880 1346 912 1407 6.
953 1340 1047 1421 Heyn.
1068 1343 1106 1402 ad
1126 1341 1205 1422 Virg.
1227 1338 1301 1403 A'en.
1318 1345 1370 1421 12,

213 1441 288 1507 694.
332 1440 515 1504 Thiel.ibid.
537 1448 577 1523 2,
613 1442 686 1511 111.
727 1444 775 1507 De
796 1445 1007 1506 constructione
1035 1444 1106 1506 dixit
1125 1444 1227 1505 Beier.
1247 1446 1285 1506 ad
1307 1446 1370 1505 Cic.

214 1546 302 1606 offic.
318 1547 349 1623 1,
368 1544 420 1609 89.
436 1565 468 1626 p·
482 1546 555 1612 285.
598 1546 779 1627 Compositio
797 1556 894 1608 autem
909 1545 1062 1608 verborum
1082 1544 1203 1605 modulo
1224 1566 1263 1605 ac
1279 1546 1371 1627 pede,

212 1648 245 1707 iu
264 1666 324 1726 qua
344 1646 518 1708 Groebelrico
540 1646 573 1713 ἓν
594 1645 646 1712 διὰ
667 1648 758 1711 δυοῖν
776 1650 873 1725 vida,
891 1650 929 1709 ad
949 1650 979 1709 id
1000 1667 1093 1729 genus
1109 1650 1221 1711 dicendi
1242 1652 1371 1711 reteren-

212 1749 284 1811 dun
299 1756 363 1828 est,
381 1749 459 1829 quod
477 1748 679 1809 illustravimus
700 1752 739 1810 ad
759 1752 798 1829 6,
819 1750 871 1817 69.
913 1750 1018 1831 Neque
1038 1759 1149 1830 nmen,
1171 1753 1197 1810 si
1218 1752 1372 1831 imaginem

213 1860 348 1932 spectes,
375 1851 430 1912 huc
450 1853 593 1931 pertinet,
620 1852 700 1931 quod
720 1860 888 1934 comparant
908 1854 1086 1915 Graecorum
1104 1854 1301 1934 proverbium:
1327 1850 1372 1936 μή

214 1952 296 2037 aiulo
316 1946 400 2016 πόδα
418 1948 455 2017 vel
472 1947 627 2033 ὑπόδημα.
668 1955 783 2047 Etenim
802 1954 970 2035 metaphora
989 1974 1028 2014 ac
1043 1954 1123 2033 pede
1141 1955 1179 2015 ab
1202 1957 1237 2015 iis
1253 1958 1371 2017 desum-

214 2062 267 2136 pta
283 2062 331 2115 est
342 2050 384 2133 *),
404 2054 454 2133 qni
473 2057 604 2135 corporis
624 2056 669 2115 sui
687 2064 825 2119 staturam
844 2077 964 2119 numero
977 2059 1083 2137 pedum
1097 2059 1260 2119 metiuntur.
1294 2061 1370 2119 Seu-

214 2159 306 2221 tcntia
322 2156 423 2236 ipen:
445 2174 592 2237 „aequum
611 2163 657 2217 est
677 2166 709 2220 et
727 2168 854 2238 rectum,
875 2178 943 2221 sues
960 2178 1101 2240 quemque
1120 2161 1151 2221 in
1172 2160 1305 2240 eligendo
1326 2161 1371 2221 vi-

214 2266 264 2319 tae
285 2277 392 2337 genere
416 2260 561 2339 respicere
578 2260 689 2319 vires.“

300 2446 333 2519 *)
347 2448 437 2513 Quum
450 2450 574 2503 modulus
585 2446 631 2503 hio
643 2464 769 2506 mensura
782 2449 838 2519 sit,
864 2450 997 2505 Graecia
1009 2455 1041 2504 ut
1060 2449 1105 2505 hic
1125 2450 1212 2507 metiri
1222 2452 1305 2523 perte,
1329 2452 1371 2507 sie

215 2536 314 2589 dame
334 2536 412 2587 morlo
432 2532 507 2603 epatl
528 2533 655 2588 Tacitum
678 2534 912 2607 interpretandum
932 2537 1039 2591 censuit
1062 2536 1091 2591 in
1113 2538 1219 2607 Syllog.
1240 2538 1332 2609 Epist.
1354 2556 1372 2592 a

216 2618 309 2673 num.
324 2618 393 2673 edit.
410 2619 459 2672 lv.
474 2635 503 2687 p.
518 2614 593 2687 318„
608 2621 655 2693 qui
669 2621 745 2675 loeus
760 2621 868 2692 (Agris,
883 2620 910 2691 6,
926 2618 968 2691 7.)
982 2622 1092 2695 nuperis
1106 2622 1190 2677 Foacii
1203 2630 1231 2675 et
1245 2624 1373 2695 Hersugis'

216 2704 290 2757 euris
304 2704 453 2757 luculenter
471 2696 623 2758 illustratur
638 2713 691 2759 cst.
733 2706 837 2761 Nescio
857 2716 962 2775 eutem,
987 2724 1048 2763 num
1068 2706 1142 2763 illam
1162 2708 1371 2779 explicationem

216 2788 391 2861 respexerint
403 2790 572 2860 interpretes
586 2788 746 2844 doctissimi.
