3450 5334
355 536 422 601 366
476 534 761 599 command
774 536 818 599 [Ν
830 534 997 599 floaaTn
1010 534 1086 601 LlB.
1098 536 1120 602 l.
1134 533 1261 595 EPIST.
1272 532 1386 595 SEPT.
1468 531 1511 599 84

357 730 493 788 tationem
519 725 565 785 vel
591 726 628 784 ad
655 730 748 785 artem
771 725 898 785 criticam
927 725 1085 802 spectantia
1114 731 1245 784 accurate
1271 722 1416 803 persecuti
1443 727 1510 781 sunt

358 830 410 887 Ft.
426 826 586 886 Jacobsim
604 830 634 887 ln
651 829 771 905 „Verm
791 825 909 885 Schn'st.
927 825 960 883 V.
980 846 1009 903 p.
1029 826 1191 892 96-160
1207 829 1311 886 sivein
1327 826 1423 886 Lacu.
1449 824 1510 883 Ve-

357 953 426 990 nas.
435 974 448 1002 ‚
475 931 604 1009 primitus
625 933 701 1008 typis
721 930 871 1008 descriptis
892 929 922 987 in
942 927 1017 987 Mus.
1037 928 1129 989 Rhea.
1150 931 1241 995 1827.
1262 949 1291 1007 p.
1310 928 1374 993 297
1395 946 1460 1004 sqq.
1479 933 1510 986 et

360 1034 451 1099 1828.
472 1054 503 1111 p.
520 1032 582 1095 688
600 1050 684 1109 sqq.‚
719 1030 774 1097 aa.
801 1030 975 1089 Schmidius
991 1033 1020 1089 in
1038 1030 1197 1109 „Epistola
1217 1032 1294 1092 obss.
1315 1030 1343 1087 in
1363 1030 1420 1100 Qu.
1438 1030 1510 1089 Hor.

357 1138 402 1195 sl.
423 1135 504 1194 locos
525 1134 664 1212 quosdam
685 1134 847 1192 continente
868 1134 906 1191 ad
934 1130 971 1191 L.
992 1132 1023 1189 S.
1046 1131 1203 1191 Obbarium
1219 1132 1344 1191 missa.“
1385 1130 1509 1190 Helbes-

358 1236 575 1312 stadii1828.,
612 1235 695 1293 Lod.
718 1234 930 1295 Doederlc'nius
950 1237 979 1293 in
998 1232 1095 1295 Lectt.
1114 1235 1185 1294 Hor.
1207 1236 1325 1294 decade.
1367 1233 1509 1311 Erlangae

360 1345 451 1410 1828.
473 1364 503 1422 p.
515 1346 577 1417 12.,
602 1337 657 1402 Clu.
681 1337 744 1401 Ga.
759 1335 1018 1395 Mitscherlicbius
1038 1338 1066 1395 in
1081 1337 1197 1397 Racem.
1211 1336 1345 1397 Venusin.
1360 1336 1443 1395 Fasc.
1460 1335 1508 1394 lll.

357 1449 490 1526 Gotfing.
513 1444 608 1509 1829.
629 1461 657 1518 p.
675 1438 696 1500 9
714 1458 759 1518 sq.
781 1440 894 1519 repetit.
913 1440 943 1499 in
963 1438 1097 1499 Seebodii
1117 1440 1180 1518 ‚,N.
1204 1438 1331 1500 melie‘
1354 1438 1445 1505 1829.
1468 1438 1509 1499 N.

357 1550 407 1613 61.
425 1570 455 1628 p·
474 1546 545 1614 208.

438 1650 474 1715 V,
491 1650 620 1714 1-12.
662 1644 875 1703 Sententiarum
892 1644 980 1703 ordo:
1000 1642 1104 1720 „Hom
1122 1650 1237 1705 excusat
1254 1664 1334 1705 suam
1352 1644 1510 1704 absentiam

355 1752 552 1811 Maecenatem
571 1751 680 1807 taciens
699 1748 866 1824 certiorem,
889 1766 921 1805 se
939 1766 1006 1805 vere
1027 1749 1173 1823 sequentis
1191 1748 1302 1809 demum
1319 1750 1385 1807 anni
1403 1748 1440 1806 ob
1458 1764 1510 1804 va-

355 1856 487 1915 letudinis
508 1860 614 1913 metum
633 1848 844 1930 periculumque
863 1868 1043 1908 reversurum
1060 1850 1158 1908 esse.“
1200 1849 1237 1909 V.
1255 1854 1283 1913 1.
1299 1854 1328 1917 2.
1372 1849 1512 1928 Quinque

355 1958 419 2015 dien
435 1965 467 2016 nt
484 1976 557 2015 uos:
576 1952 673 2029 „acht
694 1952 827 2030 Tage,“
854 1958 950 2011 certus
969 1951 1083 2029 quidam
1104 1953 1219 2029 exiguus
1238 1971 1371 2011 numerus
1393 1970 1445 2028 pro
1466 1951 1512 2007 in-

355 2068 435 2120 certo
453 2061 577 2138 positus,
596 2059 637 2116 nti
658 2063 737 2115 recte
756 2056 903 2114 annotavit
927 2054 1099 2112 Schmidtire
1116 2054 1354 2133 etcompluribus
1376 2050 1512 2129 exemplis

354 2163 430 2240 (Sat.
448 2165 478 2237 1,
495 2162 528 2238 8,
549 2161 598 2222 16.
615 2158 682 2235 ibiq.
704 2158 808 2219 lleind.
827 2167 859 2218 et
878 2157 961 2217 Pasa.
985 2162 1016 2233 2,
1037 2158 1070 2232 3,
1093 2155 1164 2221 289.
1185 2158 1217 2232 7,
1235 2156 1286 2218 89.
1310 2154 1405 2233 Epist.
1428 2157 1458 2228 1,
1478 2155 1512 2229 6,

355 2259 406 2325 43.
428 2265 496 2339 „ein
520 2282 590 2341 paar
611 2260 772 2321 Tausend“
792 2256 849 2338 14,
872 2266 902 2327 2.
924 2259 969 2338 3.)
989 2260 1142 2319 illustravit
1167 2256 1329 2331 Seeboda‘us
1348 2258 1378 2315 in
1396 2255 1513 2333 „Scho-

355 2363 443 2423 lien“
464 2384 494 2441 p.
515 2366 566 2428 12.
587 2396 630 2408 -—
658 2364 738 2421 Sext.
760 2372 812 2419 tot.
833 2362 965 2421 mendas
982 2363 1142 2420 desideret.
1185 2360 1238 2422 His
1268 2357 1363 2419 verbis
1391 2376 1423 2415 se
1450 2359 1514 2434 ipse

355 2472 471 2525 accusat
486 2465 570 2540 lion,
587 2472 619 2524 ut
635 2484 671 2523 eo
686 2465 776 2541 magis
794 2482 813 2521 a
827 2464 996 2527 Maecenate
1017 2471 1119 2544 speret
1133 2465 1257 2537 veniam3
1275 2484 1334 2524 non
1346 2464 1432 2540 igitur
1446 2466 1515 2519 snnt

357 2566 445 2627 verba
458 2566 646 2641 Maecenatis,
665 2565 767 2643 quibus
789 2585 853 2625 eum
869 2568 899 2625 in
918 2567 1041 2645 epistola
1059 2568 1252 2645 objurgatoria
1269 2568 1307 2627 ad
1319 2568 1395 2627 Hor.
1407 2566 1515 2642 scripta

356 2687 438 2727 usum
458 2686 523 2725 esse
544 2666 590 2725 alii
611 2670 771 2746 opinantur.
813 2668 887 2729 Rem
904 2668 969 2748 plus
990 2670 1069 2748 justo
1089 2671 1119 2727 in
1141 2670 1232 2747 majus
1257 2668 1357 2729 extulit
1382 2665 1516 2726 Ganaba·-

356 2773 418 2831 aas
434 2772 465 2829 in
482 2770 660 2848 expositione
686 2768 854 2846 argumenti
877 2790 907 2848 p.
930 2770 961 2833 3.
1004 2770 1044 2829 At
1065 2771 1141 2829 conf.
1162 2772 1216 2829 Bl.
1239 2769 1360 2829 Jacobs.
1386 2789 1415 2848 p.
1440 2772 1513 2835 122.

356 2882 388 2936 et
409 2872 508 2933 Bacla
528 2874 558 2931 in
579 2870 740 2933 Zimmerm.
760 2870 975 2947 „Zeitsclurili“
994 2880 1050 2933 etc.
1074 2868 1166 2938 1884.
1183 2893 1213 2952 p.
1232 2873 1323 2935 1036.
1364 2871 1411 2932 De
1436 2872 1515 2929 Sex-

357 2978 418 3049 tili,
437 2978 485 3055 qui
503 2976 610 3033 mensis
632 2992 708 3031 auno
728 2973 840 3033 demum
856 2996 886 3040 u.
900 2996 925 3033 c.
943 2972 1015 3039 746.
1034 2974 1180 3053 Augustus
1196 2976 1356 3033 nominatus
1374 2982 1430 3051 est,
1452 2975 1511 3032 vid.

356 3080 413 3141 Dio
437 3080 520 3137 Cass.
542 3074 602 3153 55,
624 3077 655 3137 6.
697 3074 840 3136 Plutarch.
859 3078 947 3137 Num.
971 3078 1022 3142 19.
1065 3078 1111 3137 Jo.
1132 3075 1207 3155 Lyd.
1229 3078 1266 3136 de
1287 3076 1381 3136 Mens.
1401 3072 1438 3151 4,
1461 3078 1514 3141 72.

356 3182 487 3243 Macrob.
517 3180 579 3239 Sat.
609 3181 647 3253 1,
682 3178 733 3243 12·
767 3213 811 3226 -
844 3178 883 3237 V.
910 3180 1035 3242 8-6.
1078 3180 1181 3259 Atqui
1202 3180 1238 3236 Si
1256 3200 1303 3236 me
1322 3212 1365 3224 -
1383 3180 1516 3240 semna.

358 3281 557 3359 „Confite0r3
578 3285 722 3357 attamen,
744 3300 830 3359 quum
849 3278 906 3339 hoc
927 3282 971 3340 sic
990 3300 1022 3340 se
1044 3281 1165 3359 habeat,
1184 3280 1295 3340 dabis“
1311 3287 1368 3341 etc.
1418 3279 1513 3338 Orell.

364 3384 493 3444 renam
510 3379 601 3440 dabis
622 3401 681 3441 non
703 3388 748 3441 est
768 3384 989 3461 „commeatum
1011 3382 1150 3463 [Urlaub]
1173 3383 1301 3460 dabis‚“
1321 3389 1353 3442 ut
1373 3384 1518 3461 interpre-

358 3493 456 3547 tantur
477 3483 613 3543 scaeua.
630 3490 659 3543 et
685 3483 845 3556 cuman,
867 3486 921 3543 sea
944 3484 1187 3566 ‚,in‹1ulgentiun,
1208 3484 1407 3547 Nauarum
1448 3468 1527 3545 Non·

359 3586 477 3647 multum
497 3585 632 3645 abhorret
653 3584 734 3645 locus
752 3586 802 3646 ille
822 3584 859 3662 5,
884 3586 933 3650 10.
954 3588 1053 3667 sescus
1071 3590 1140 3647 Dat
1156 3590 1276 3647 veniam
1293 3619 1330 3631 -
1349 3586 1413 3645 dies
1421 3628 1434 3659 ,
1469 3585 1519 3644 ubi
1576 3642 1578 3647 .

359 3690 416 3748 vid.
438 3707 469 3768 p.
488 3684 561 3753 248.
592 3687 639 3745 Cl'.
662 3688 724 3746 Sat.
748 3690 780 3765 2,
801 3682 833 3763 4,
856 3686 887 3749 6.
913 3688 975 3747 Cic.
999 3690 1035 3749 de
1057 3691 1142 3749 Offic.
1165 3692 1198 3767 3,
1222 3690 1348 3768 19,12.
1377 3682 1520 3757 Videsne,

361 3792 419 3851 hoo
434 3788 593 3869 proverbio
613 3810 710 3869 neque
729 3790 813 3869 Gygi
827 3788 879 3845 illi
892 3810 983 3867 posse
999 3794 1119 3850 amisum
1139 3791 1222 3865 dori,
1244 3811 1340 3871 neque
1352 3790 1425 3848 huic
1439 3788 1521 3851 etot

361 3896 404 3956 ld.
426 3895 465 3953 ad
483 3892 569 3952 Attia
590 3890 627 3969 6,
651 3895 711 3969 21,
737 3893 768 3954 8.
811 3890 897 3950 Dedi
916 3894 1036 3951 νοηίαηι
1055 3892 1172 3952 homini
1187 3894 1377 3973 impudenter
1392 3894 1518 3972 potenti.

361 3997 453 4073 Hujus
483 4002 577 4054 autem
599 3994 831 4074 significationis,
866 3994 1007 4073 precibus
1028 3994 1204 4067 concedere,
1240 3996 1371 4074 exempla
1392 3996 1448 4054 vid.
1470 4014 1519 4073 ap.

362 4099 485 4159 Ellendt
507 4096 545 4157 ad
563 4095 625 4154 cic.
646 4094 683 4154 de
705 4095 759 4154 Or.
783 4096 813 4172 1,
830 4096 884 4173 21,
904 4096 955 4158 98.
989 4097 1162 4159 Ruhnken
1183 4096 1303 4162 Terent
1324 4098 1414 4157 Andr.
1435 4092 1467 4174 4,
1486 4097 1521 4174 3,

363 4202 415 4266 30.
458 4197 514 4259 Ad.
532 4198 564 4275 5,
583 4200 615 4275 8,
634 4193 684 4261 14.
706 4196 918 4262 ceolwald.
939 4200 976 4259 ad
998 4198 1071 4266 Tac.
1091 4198 1188 4280 Agric.
1208 4204 1239 4267 2.
1283 4200 1390 4262 Krebs.
1411 4200 1440 4257 in
1458 4196 1521 4257 dn-

364 4299 468 4364 tibarb.
487 4320 518 4380 p.
534 4296 608 4360 499.
622 4332 664 4344 -
678 4310 834 4379 aegrotare
854 4303 984 4374 umenti,
1005 4305 1111 4383 quippe
1133 4304 1181 4383 qui
1203 4309 1305 4364 nosset
1325 4302 1522 4361 Maecenatem

365 4426 453 4484 saepe
469 4421 587 4481 aegrum
603 4401 649 4461 vel
669 4404 823 4464 valetudini
842 4411 1015 4464 metuentem
1034 4406 1063 4462 in
1086 4404 1141 4466 hec
1162 4426 1194 4466 re
1215 4406 1337 4467 facilem.
1381 4404 1427 4467 Cf.
1446 4402 1520 4461 Plin.

365 4507 404 4567 Η.
414 4507 456 4565 Ν.
476 4508 509 4581 7,
530 4502 582 4569 62.
624 4503 728 4565 Senec.
749 4505 842 4587 Epist.
866 4505 936 4569 101.
958 4513 989 4566 et
1007 4504 1121 4568 Mitscli.
1142 4510 1180 4571 ad
1196 4510 1255 4570 Od.
1274 4512 1306 4587 2,
1329 4508 1379 4569 17.
1400 4528 1430 4586 p.
1447 4506 1521 4569 610.

368 4608 442 4667 Cum
457 4606 599 4666 sententia
616 4615 711 4667 antem
735 4608 772 4666 Si
788 4629 836 4667 me
853 4610 913 4669 νίν.
932 4611 979 4669 vie
992 4628 1101 4669 sonam
1116 4616 1170 4672 etc.
1194 4628 1341 4691 compares
1356 4589 1450 4689 upis'c
1469 4612 1522 4687 16,
