3450 5334
332 513 397 579 295
450 516 737 579 commun
750 516 793 578 IN
807 514 974 579 floreum
991 516 1066 579 LlB.
1078 519 1101 579 1.
1119 516 1245 581 EPIST.
1256 519 1373 583 SEXT.
1454 524 1495 589 28

332 707 506 786 sempiterno
529 723 565 764 ae
591 710 732 765 nocturno
751 714 829 767 metu
850 705 1006 765 liberarint.
1052 708 1114 766 Sat
1142 710 1179 785 1,
1202 706 1242 785 5,
1270 706 1341 772 101.
1375 705 1492 769 Lucret.

329 806 545 887 b‚12050qq.
590 809 653 868 cie.
665 808 755 868 Ture.
774 811 804 885 1,
821 810 875 885 21,
889 804 941 870 48.
987 806 1034 865 Cf.
1056 808 1146 867 Gieee
1169 811 1206 868 ad
1226 808 1287 868 Cro.
1311 812 1348 869 de
1366 808 1492 869 Divinat.

330 912 371 986 2,
399 912 458 987 18,
473 906 525 975 42.
551 912 613 987 72,
638 907 709 975 149.
744 907 790 969 hd
804 928 877 988 qnos
891 928 985 987 prope
998 911 1138 970 accedunt
1151 911 1327 990 Rappoltue
1336 910 1379 991 (p.
1393 911 1492 989 582),

328 1011 378 1088 qui
393 1008 593 1089 firmdimm
611 1010 745 1089 intelligit
768 1012 935 1090 rdigionem
960 1010 1005 1070 vel
1025 1014 1146 1073 numinis
1170 1022 1293 1091 metum,
1314 1014 1492 1084 Juvenoiuo,

328 1114 378 1190 qni
399 1112 562 1191 religiosam
583 1116 810 1191 venerationem,
832 1112 1026 1184 Schmidzbo,
1048 1116 1095 1193 qui
1114 1114 1263 1175 horrorem
1285 1114 1426 1193 quendam
1438 1136 1491 1175 nu-

219 1240 228 1257 ·
327 1215 411 1273 minin
432 1215 492 1274 aive
509 1224 664 1293 terrorem,
690 1224 722 1276 ut
741 1217 804 1275 val.
827 1216 874 1277 lu.
899 1220 937 1292 2,
960 1212 1033 1277 433.
1077 1215 1172 1279 Tacit.
1196 1218 1296 1277 Germ.
1311 1212 1378 1292 40,
1401 1218 1492 1294 signi·

327 1315 444 1377 fioetum
470 1320 578 1380 vident.
621 1318 813 1378 Frioohlinur
838 1326 936 1379 autem
970 1324 1000 1377 et
1020 1316 1180 1391 Lubinuo,
1210 1318 1415 1400 paraphrartae
1436 1319 1491 1395 illi,

325 1436 387 1477 non
407 1426 465 1479 tem
489 1419 665 1501 „phyaioos,
692 1424 740 1501 qui
760 1421 883 1483 detectis
903 1438 999 1480 rerum
1018 1418 1186 1481 naturalium
1207 1424 1299 1481 causis
1313 1422 1491 1483 formidinem

326 1519 492 1600 depellant,
516 1541 601 1602 quam
622 1524 699 1583 viros
724 1526 834 1600 fortes,
859 1522 1054 1601 magnanimos
1072 1529 1102 1583 et
1121 1523 1268 1602 excelsos,
1294 1544 1413 1603 quorum
1426 1528 1489 1604 qui-

327 1618 393 1683 dem
416 1625 551 1683 fortitudo
570 1628 745 1686 conscientia
764 1633 844 1686 reete
860 1628 1002 1687 factorum
1016 1627 1139 1704 nitatur,
1160 1632 1192 1687 ut
1203 1627 1261 1687 Od.
1274 1628 1313 1706 3,
1327 1628 1366 1707 3,
1384 1629 1465 1691 1-8
1478 1648 1487 1700 ;

324 1720 374 1781 alii
399 1721 590 1801 Pyrrhonieor
616 1730 675 1787 nire
700 1732 862 1808 scepticoe,
887 1730 936 1807 qui
964 1736 1115 1806 „propter
1138 1731 1198 1788 veri
1223 1730 1344 1809 salsique
1371 1731 1490 1789 confusa

325 1826 410 1903 rigna
428 1832 461 1885 ut
479 1827 548 1887 nihil
565 1832 701 1891 definiant
720 1834 958 1911 pronuntientve,
978 1832 1018 1888 ita
1041 1830 1079 1888 ad
1100 1830 1204 1891 nullam
1224 1852 1285 1891 rem
1308 1852 1362 1891 nor
1387 1832 1487 1891 obstu-

324 1926 425 2006 pefieri
449 1926 574 2005 velint“;
595 1933 643 1993 alii
666 1935 759 2012 ipsam
786 1932 1011 2009 multitudinem,
1033 1950 1138 2009 „quae
1160 1934 1297 1993 eoelestia
1319 1933 1368 1993 illa
1387 1952 1486 2011 parum

325 2036 406 2089 curet
425 2036 474 2091 aut
494 2034 614 2093 naturali
634 2038 759 2114 quodem
780 2043 901 2114 torpore
923 2040 952 2093 et
976 2032 1113 2111 languore
1131 2038 1267 2115 impedita
1284 2044 1333 2095 aut
1355 2037 1487 2095 diuturna

324 2134 493 2193 nsuetudine
517 2135 656 2216 decepta,
692 2140 734 2199 iba
765 2144 798 2197 ut
822 2138 994 2197 ordinarium
1018 2143 1137 2195 naturae
1163 2137 1343 2215 siderumque
1375 2156 1486 2196 cursum

324 2237 370 2293 rix
394 2236 632 2316 contemplatione
653 2260 705 2299 aua
729 2237 897 2318 dignetur.“
940 2238 1003 2296 Cic.
1025 2238 1065 2298 N.
1085 2237 1125 2298 D.
1145 2242 1183 2317 2,
1206 2240 1266 2316 38,
1290 2240 1342 2303 96.
1368 2240 1483 2300 Lueret.

324 2341 364 2413 2,
388 2337 469 2402 1038
491 2357 536 2417 sq.
582 2340 665 2400 huet.
681 2342 719 2401 ad
731 2343 859 2405 Herenn.
875 2340 913 2414 8,
938 2342 998 2415 22,
1026 2338 1078 2401 36.
1122 2340 1156 2399 In
1169 2350 1304 2419 promptu
1318 2348 1413 2401 autem
1428 2348 1484 2418 est,

323 2438 404 2511 illos,
425 2440 485 2500 rive
506 2442 667 2521 philosophi
687 2447 744 2505 sint
765 2448 826 2505 sive
844 2443 959 2501 omnino
979 2441 1107 2501 homines
1131 2442 1234 2501 eruditi
1262 2452 1291 2504 et
1312 2462 1407 2501 rerum
1432 2462 1483 2501 na-

323 2540 453 2601 turalium
472 2544 591 2602 scientia
609 2545 706 2624 politi,
738 2554 770 2607 nt
790 2547 958 2621 laudentur,
980 2564 1040 2604 non
1060 2552 1092 2605 nt
1113 2552 1246 2623 tanquam
1266 2544 1341 2604 ethei
1372 2546 1482 2622 vitupe-

322 2651 422 2705 rentur
443 2645 490 2724 (ut
513 2646 664 2724 opinantur
683 2648 793 2729 Torn,
813 2650 918 2725 Baut,
939 2648 1063 2725 Smad„
1085 2647 1162 2727 alii),
1192 2646 1237 2705 hie
1260 2648 1482 2722 commemorari,

322 2747 389 2822 quia
409 2747 457 2823 qui
470 2747 533 2807 eine
556 2748 706 2811 formidine
727 2752 863 2812 coelestia
886 2755 1017 2829 spectant
1038 2752 1118 2828 quasi
1139 2752 1172 2809 iis
1193 2748 1352 2826 exemplum
1373 2768 1482 2826 propo-

321 2854 442 2924 nuntur,
464 2851 576 2928 quires
597 2852 732 2913 humanas
754 2856 938 2915 admirantur·
960 2851 1067 2912 Dubito
1088 2858 1201 2928 autern,
1221 2868 1288 2909 num
1307 2849 1482 2908 reeteDoe-

319 2949 467 3011 derlinirra
492 2953 580 3013 verbo
599 2954 782 3033 formidinis
798 2956 891 3038 (quod
918 2956 1061 3015 verissime
1086 2956 1288 3031 interpretatus
1308 2957 1355 3011 est
1378 2952 1407 3009 in
1426 2952 1480 3028 Sy—

321 3071 389 3113 non.
410 3054 446 3114 11.
470 3075 501 3134 p.
525 3053 598 3121 199.
621 3058 659 3115 ci.
680 3055 773 3118 Drak.
796 3061 834 3117 ad
845 3057 897 3117 Sil.
922 3061 961 3133 1,
980 3058 1033 3123 82.
1075 3056 1196 3136 Rupert.
1215 3056 1262 3113 ad.
1287 3052 1360 3113 Tae.
1381 3054 1479 3112 Germ.

319 3154 380 3234 39,
408 3153 455 3235 4.)
490 3155 545 3216 vim
577 3161 657 3219 verbi
680 3202 703 3238 ,‚
711 3154 854 3241 θάμβος,
877 3160 1035 3220 etaunende
1053 3156 1313 3235 Bemmderuug“,
1340 3155 1479 3231 tribuerit,

320 3277 407 3336 quum
429 3260 633 3321 sententiarum
655 3264 786 3323 ordinem
808 3280 940 3321 versuum
960 3262 1044 3323 3-8
1064 3260 1106 3319 sic
1130 3259 1332 3319 constitueret:
1362 3258 1481 3336 „Giebt

321 3380 354 3421 es
372 3362 446 3422 doeh
464 3372 643 3440 rogenannte
661 3364 762 3426 etarke
784 3364 917 3441 Geiater,
943 3365 990 3422 sur
1009 3364 1054 3421 die
1073 3362 1163 3421 selbst
1191 3361 1237 3420 die
1262 3380 1365 3439 grosse
1385 3363 1480 3421 Natur

319 3464 348 3523 in
364 3465 440 3523 ihrer
456 3464 647 3528 Heruliohkeit
669 3464 738 3525 hein
754 3466 884 3527 Wunder
904 3468 956 3525 iet!
981 3464 1084 3543 [Wenn
1099 3482 1165 3523 man
1185 3464 1264 3523 dieee
1283 3463 1478 3523 Athaumaetie

320 3568 366 3625 fuir
394 3566 600 3645 Seelengrdrse
631 3588 668 3629 au
693 3568 791 3629 hulten
819 3570 937 3648 geneigt
965 3567 1022 3644 iet]-
1064 3566 1128 3625 Wre
1154 3564 1287 3625 kleinlieh
1310 3564 1414 3626 sollten
1438 3566 1477 3623 da

320 3667 400 3747 billig
420 3670 549 3730 tollenda
568 3672 614 3730 die
634 3671 778 3731 irdisehen
798 3672 891 3732 Griter
912 3672 1061 3731 schemen!
1081 3677 1136 3729 etc.
1165 3668 1289 3727 Similem
1307 3669 1478 3727 sententiam

318 3780 520 3853 expresserunt
547 3775 674 3845 Minor,
705 3774 889 3833 Sarradomw
899 3816 911 3845 ,
933 3770 1122 3851 Dorighello.
1165 3770 1204 3831 At
1226 3770 1377 3829 verborum
1404 3771 1476 3829 ratio

401 3874 436 3935 V.
459 3875 574 3941 5-11.
618 3876 695 3955 quid
714 3896 814 3935 emm
828 3910 870 3923 -
887 3886 1048 3956 utrumque
1068 3894 1132 3935 eum
1152 3872 1386 3933 antecedentibus
1408 3892 1477 3931 con-

316 3998 391 4039 nexa
410 3980 483 4039 haee
502 3986 562 4039 est:
588 3980 630 4037 Ut
652 3979 777 4059 quidam
797 3980 967 4057 spectandis
994 3975 1168 4036 eoelestibuo
1189 3996 1250 4035 non
1266 3974 1475 4054 percelluntur

317 4092 399 4140 orem
407 4122 420 4152 ‚
448 4083 493 4139 ita
521 4100 558 4138 ne
585 4084 735 4139 tenesmo
760 4082 881 4170 quidem
912 4102 966 4141 noo
995 4100 1111 4140 movere
1140 4077 1254 4139 dabam.
1308 4074 1476 4156 [Quemad-

316 4184 440 4243 modum
458 4196 561 4243 autam
581 4186 615 4243 in
633 4184 698 4244 illis
716 4187 865 4265 imprimo
886 4196 928 4244 eet
952 4204 1051 4243 renim
1062 4184 1248 4263 saturanum
1263 4180 1410 4261 formido,
1432 4180 1477 4235 ita

316 4286 350 4343 in
369 4284 417 4345 Iris
436 4308 537 4347 rerum
555 4290 761 4367 praesentium
786 4288 917 4368 cupido]
958 4286 1020 4364 Qut
1039 4285 1161 4367 quidam
1182 4284 1262 4343 bono
1284 4304 1363 4365 quma
1383 4282 1474 4361 tulga

315 4386 465 4449 babendo
491 4411 551 4449 non
577 4394 694 4471 appetit
719 4392 770 4451 val
799 4413 831 4450 oe
853 4398 993 4470 appetere
1012 4400 1125 4469 negat,
1152 4398 1188 4446 at
1201 4388 1290 4469 sugit
1309 4386 1475 4455 eontrart'a,

313 4488 342 4546 ie
368 4492 469 4549 eodem
485 4494 559 4573 serr
584 4496 722 4575 affletur
749 4495 846 4555 modo.
890 4492 1011 4551 Euhion
1034 4493 1081 4551 uti
1107 4490 1280 4569 cupkir‘taa,
1305 4492 1349 4547 ita
1378 4498 1474 4548 metm

313 4610 350 4649 ex
374 4596 477 4653 animo
501 4596 688 4674 αὼιιὶνωιιε,
714 4600 735 4659 ι’.
765 4618 788 4661 e.
813 4593 1012 4677 perturbato,
1042 4594 1254 4675 proficrhcitur.
1304 4592 1472 4671 Utrumque
