3450 5334
250 484 293 552 39
342 480 631 547 cominus
646 482 691 543 IN
707 480 882 545 nostru
901 480 977 543 LlB.
985 482 1009 543 1.
1025 480 1152 541 EPIST.
1167 480 1319 555 QUART·
1347 477 1412 545 229

251 668 391 747 carmine,
412 686 486 746 qnae
506 670 628 732 bilsrent
643 672 765 732 animum
784 677 836 731 unt
855 668 977 747 scribet,
999 667 1102 746 quibus
1120 667 1157 727 ub
1176 687 1273 729 umore
1295 671 1411 748 ejusque

251 770 325 829 euris
343 772 509 835 sroeetur.“
538 771 572 833 Iu
589 790 623 833 en
636 774 860 833 sententiosum
877 771 1031 851 Spolmius
1048 767 1218 849 (Disputat.
1235 772 1273 831 ds
1296 770 1410 833 Tibull.

257 872 317 933 Vct.
337 882 366 929 et
388 874 488 935 Curm.
503 894 566 956 esp.
586 873 623 935 11.
636 896 665 955 p.
680 876 732 939 50.
750 882 781 935 et
791 895 854 954 cap.
870 872 905 933 V.
920 893 951 952 p.
960 873 1029 955 96),
1052 872 1244 933 Weiebertm
1256 874 1309 953 (de
1326 875 1410 934 Coss.

253 976 360 1033 Pur-m.
378 971 457 1055 Lips.
475 976 567 1039 1836·
584 996 612 1055 p.
629 974 701 1039 234.
718 974 813 1055 239),
846 976 1045 1053 Ohurpentier
1065 974 1184 1055 (Horat.
1201 976 1278 1056 Opp.
1298 975 1410 1041 Volll.

253 1074 366 1135 Parisiis
378 1094 426 1156 ep.
443 1075 632 1138 Psnekoueke
649 1079 741 1142 1836.
758 1098 787 1157 p·
802 1078 889 1151 239).
932 1078 1044 1137 Horum
1072 1076 1145 1136 alter
1164 1077 1239 1137 inter
1260 1077 1410 1137 ulissddit

252 1177 337 1237 bueo:
359 1177 420 1255 „ln
439 1196 502 1237 eum
522 1178 625 1256 [sillem
640 1178 794 1257 Pedanom]
808 1178 907 1258 procul
919 1179 1005 1240 dubio
1017 1184 1189 1256 meret,
1210 1184 1244 1238 ut
1254 1186 1306 1240 out
1318 1180 1409 1239 dolori

253 1279 290 1337 de
301 1278 411 1358 perfidu
424 1281 520 1359 puella
536 1282 712 1361 indulgeret,
733 1290 783 1341 snt
797 1282 883 1342 unirni
894 1280 1065 1341 moestitiam
1082 1280 1165 1340 rillse
1186 1281 1260 1340 inter
1271 1280 1363 1340 'libor
1379 1286 1410 1340 et

253 1377 407 1439 Praeneste
420 1383 493 1442 sitne
505 1386 676 1445 amoenitate
686 1384 887 1447 dissolveret.“
927 1384 1088 1441 Dissentio
1100 1400 1232 1461 quoque,
1251 1401 1410 1459 quenquam

253 1481 353 1541 librum
375 1486 508 1562 tertium,
535 1487 573 1544 od
594 1488 672 1563 eujus
692 1485 797 1563 elegius
819 1486 852 1565 (2
869 1492 901 1545 et
913 1488 947 1558 6)
964 1486 1101 1565 imprimis
1122 1486 1249 1544 referunt
1270 1490 1411 1544 moestum

254 1582 361 1643 Tibulli
377 1587 501 1645 animum
520 1587 675 1665 Spolmius
690 1594 720 1647 et
741 1588 952 1658 Weiohertus,
973 1588 1010 1646 ab
1035 1588 1135 1647 eodem
1157 1587 1300 1666 abjudicat
1319 1585 1411 1670 (Dis-

254 1687 330 1764 quis.
347 1686 385 1743 de
404 1688 464 1745 Vir.
485 1688 550 1752 Tib.
564 1690 679 1750 editioni
693 1690 856 1749 Canninum
876 1689 1000 1767 praefixo
1025 1710 1054 1768 p.
1068 1687 1162 1769 XIV.)
1181 1691 1284 1767 „ridet
1293 1690 1412 1769 jocose“

252 1786 296 1867 (in
303 1808 348 1847 rr.
365 1788 506 1871 6-11.>,
528 1792 629 1869 inquit,
648 1793 804 1869 „Horatius
818 1791 942 1871 mollem,
962 1792 1103 1851 nonsatis
1116 1791 1271 1851 masculum
1288 1793 1411 1850 animum

253 1889 346 1968 mlii,
375 1891 424 1967 qni
451 1894 536 1951 modo
559 1894 730 1953 miserabiles
749 1893 845 1971 elegos
868 1895 1069 1954 decantarunt
1088 1898 1209 1972 propter
1233 1892 1412 1970 (ιἰΙγιιιιιιιιι(ς

252 1991 328 2051 Istos
345 1998 441 2051 sutem
466 2000 534 2055 tnnc
553 1996 628 2054 inter
649 1997 754 2055 amicos
774 1994 904 2067 habitos,
924 1996 1051 2054 nondum
1070 1994 1163 2052 editos
1178 1994 1266 2053 fuisse
1278 1993 1412 2072 opinatur

253 2094 303 2153 Vir
314 2094 492 2154 doctissimus
510 2118 541 2177 p.
555 2097 659 2157 XXlll.
702 2097 758 2157 Alii
773 2097 870 2175 elegos
883 2099 921 2174 2,
940 2096 971 2159 3.
983 2094 1013 2157 4.
1027 2098 1057 2158 6.
1069 2095 1115 2154 vel
1128 2092 1167 2174 4,
1189 2095 1237 2157 13.
1259 2092 1310 2155 14.
1321 2094 1410 2171 sigui-

252 2197 350 2255 flentes
369 2202 482 2275 putant
525 2196 573 2258 Ad
593 2202 732 2259 Dormis·
753 2198 924 2258 sententium
943 2218 1035 2279 prope
1057 2198 1166 2257 secedit
1190 2196 1364 2255 Paldomus
1380 2196 1410 2253 iu

253 2299 372 2372 „lidus
389 2298 524 2357 Emtie‘
537 2322 565 2381 p.
579 2300 630 2364 50.
672 2301 712 2362 At
731 2302 781 2359 viri
798 2300 855 2378 illi,
876 2318 995 2377 quorum
1011 2298 1173 2379 intelligens
1191 2300 1254 2360 eliis
1276 2300 1306 2356 in
1326 2297 1411 2357 rebus

252 2400 382 2478 equidem
394 2400 516 2479 suspicio
527 2403 680 2482 judicium,
693 2404 724 2463 in
735 2404 819 2465 istum
835 2403 1006 2463 sententium
1020 2402 1150 2482 protecto
1163 2395 1222 2461 nori
1237 2400 1411 2478 incidissent,

252 2503 305 2562 nisi
326 2522 424 2562 eorum
442 2504 535 2563 nuimo
556 2504 736 2566 obversatum
758 2514 835 2567 esset
854 2524 967 2567 carmes
981 2503 1045 2563 libri
1061 2505 1144 2582 primi
1169 2503 1339 2563 tricesimum
1353 2507 1411 2560 ter·

251 2606 330 2666 tium.
379 2604 415 2664 In
441 2603 613 2684 explicandis
639 2615 734 2669 sutem
761 2608 890 2690 epistolis
916 2606 1082 2667 Horatianis
1107 2625 1144 2666 ne
1163 2604 1257 2666 omnis
1280 2603 1411 2663 subtilius

253 2712 426 2784 quaeruntur
439 2714 525 2785 utque
543 2710 581 2768 ud
603 2710 697 2771 virum
714 2712 795 2789 qussi
812 2716 990 2785 reserentur,
1014 2728 1049 2767 es
1070 2716 1190 2786 essent,
1209 2726 1284 2784 quse
1301 2706 1358 2765 dixi
1372 2706 1410 2764 od

251 2808 344 2889 Epist.
362 2810 390 2871 1.
404 2832 432 2891 p.
449 2808 499 2874 25.
543 2810 589 2871 De
603 2816 702 2873 eodem
717 2830 750 2871 re
765 2812 840 2871 idern
858 2812 918 2869 fere
930 2812 1036 2869 sentire
1048 2828 1125 2869 nune
1134 2810 1218 2867 rideo
1229 2809 1300 2867 ear.
1308 2808 1410 2865 Blau-

251 2916 335 2974 hium
355 2916 385 2975 iu
404 2916 506 2972 Fascis
523 2914 636 2972 Horat.
663 2936 691 2995 p.
712 2915 762 2976 73.
805 2914 851 2972 Cf.
870 2914 939 2971 Cor.
959 2914 1085 2973 Pueros.
1113 2908 1152 2967 N.
1168 2909 1239 2972 263
1282 2908 1323 2967 At
1341 2910 1410 2985 quid

250 3016 389 3076 Horatius
402 3018 432 3077 in
452 3016 506 3076 hoe
519 3017 696 3095 potissimum
707 3015 838 3093 Epistola
856 3014 1047 3092 spectaverit,
1072 3012 1103 3069 iu
1116 3012 1208 3089 primo
1223 3029 1307 3069 versu
1322 3011 1410 3088 sigui-

250 3118 364 3179 fletum
377 3138 487 3178 mecum
502 3118 601 3176 vident
619 3116 793 3176 Sehms'dius
815 3115 1021 3193 OreHmeque3
1043 3120 1138 3172 cetero
1156 3128 1191 3170 ex
1205 3111 1295 3189 ipsius
1315 3112 1410 3170 Horo-

250 3220 282 3281 tii
297 3221 478 3303 pbilosophis
492 3221 661 3299 depromptu
677 3227 745 3278 suut
757 3224 789 3280 et
798 3220 858 3297 itu,
878 3226 912 3276 ut
923 3219 962 3277 ud
975 3214 1165 3275 Tibulliousrn
1183 3210 1308 3272 indolem
1326 3219 1411 3272 notu-

251 3341 368 3400 rumque
386 3323 597 3383 ucoornmodutn
618 3326 648 3381 et
672 3324 753 3398 qussi
777 3324 853 3383 foeta
876 3322 1034 3380 videantur.
1076 3317 1123 3377 Ct'.
1141 3334 1215 3395 quoe
1239 3314 1295 3374 boe
1324 3317 1361 3374 de
1380 3334 1411 3373 re

251 3425 323 3485 bene
345 3424 500 3504 dispulerit
525 3422 721 3482 Wislondius
744 3444 774 3503 p.
794 3426 845 3489 92.
892 3422 1020 3501 Cruquii
1035 3437 1179 3495 errorem,
1199 3416 1273 3477 bene
1294 3418 1411 3498 Episto-

250 3528 307 3587 lem
321 3546 379 3587 uon
395 3526 432 3586 od
448 3525 593 3585 Tibullum
607 3532 736 3607 poetam,
755 3534 852 3603 (quern
866 3527 936 3605 ipsis
947 3522 1041 3585 verbis
1051 3520 1212 3598 signidem
1222 3516 1411 3597 Sebolinstse)

250 3630 332 3690 suuis
344 3628 445 3707 viginti
461 3628 616 3707 juniorem,
636 3630 688 3687 sed
700 3630 738 3688 sd
753 3630 814 3707 ejus
828 3629 925 3708 potius
946 3644 1030 3686 ιιιιιιιι
1042 3622 1159 3683 londuto
1170 3622 1234 3682 loco
1245 3623 1308 3681 Set.
1323 3622 1361 3699 1,
1379 3618 1410 3698 d,

253 3732 325 3795 109.
339 3732 474 3810 seriptum
486 3750 548 3791 esse
560 3737 674 3810 praeter
685 3730 756 3791 ulios
770 3732 907 3791 resutsrit
924 3728 1098 3789 Sobmidr'ue
1116 3742 1213 3803 meus,
1233 3725 1283 3801 qui
1300 3722 1410 3782 natales

252 3832 359 3894 Tibulli
380 3840 535 3913 praeeunte
549 3836 580 3893 J.
600 3836 643 3893 Η.
663 3834 698 3893 V
691 3836 768 3891 ossio
777 3876 787 3903 ,
809 3833 853 3891 eui
864 3850 956 3913 nuper
971 3829 1090 3889 ademit
1106 3828 1267 3885 Dounon
1281 3846 1310 3904 p.
1325 3824 1410 3902 XlV.,

250 3938 289 3997 od
302 3954 408 3994 ennom
426 3956 455 3995 ιι.
473 3957 499 3997 e.
513 3936 585 4000 695.
597 3939 698 4015 retest,
718 3935 800 3995 uliter
816 3933 1004 3994 sentientibus
1022 3928 1224 3989 Luehmanno
1244 3929 1282 3989 sd
1298 3926 1364 3986 Tib.
1379 3926 1411 4004 8,

253 4038 282 4100 1.
297 4058 329 4117 p.
345 4032 409 4115 44„
429 4038 582 4097 Paldumo
601 4038 645 4119 (in
660 4036 764 4115 „lilim
775 4036 899 4096 Erotik“
913 4058 945 4117 p.
960 4033 1012 4097 49.
1028 4038 1060 4093 et
1075 4032 1105 4090 in
1118 4030 1279 4091 Zimmerm.
1302 4029 1410 4107 „Zeit-

251 4138 371 4197 schrift‘
386 4144 442 4202 ete.
459 4138 552 4202 1837.
565 4160 596 4219 p.
614 4136 709 4219 934.),
731 4135 870 4217 Gmppio
893 4138 938 4219 (iu
956 4135 1060 4217 „noos
1073 4132 1192 4211 megi&
1200 4127 1300 4211 Iaetpz.
1316 4132 1408 4194 1338.

252 4240 276 4303 l.
296 4261 326 4320 p.
343 4240 416 4305 252.
436 4236 534 4321 254.),
566 4241 697 4309 Orellio„
719 4243 826 4321 qnippe
836 4240 885 4315 qui
899 4238 1045 4298 'libullum
1060 4235 1169 4295 circiter
1190 4252 1216 4293 n
1229 4252 1259 4292 ιι.
1273 4233 1346 4296 700.
1359 4251 1410 4291 nu·

252 4348 313 4401 turn
331 4360 394 4401 esse
417 4342 578 4421 opinentur.
620 4342 782 4419 Utcumque
804 4360 851 4401 res
867 4347 930 4420 est,
951 4359 1039 4417 quum
1050 4340 1087 4397 de
1101 4336 1244 4397 nntnlibus
1256 4335 1330 4397 ultra
1343 4354 1410 4395 cou-

249 4446 388 4523 jeetnrsm
410 4444 515 4502 nemini
538 4446 633 4506 sobrio
652 4446 786 4525 progredi
808 4444 907 4522 licent,
935 4442 1008 4502 elios
1023 4441 1166 4501 notandus
1176 4448 1222 4500 est
1234 4458 1331 4516 error,
1352 4453 1410 4513 quo

253 4548 393 4609 obcoecati
408 4546 517 4625 aliquot
529 4548 581 4607 riri
593 4549 670 4610 docti
682 4554 715 4607 ut
729 4546 884 4629 Scaligv,
907 4546 1075 4615 Docerius,
1096 4542 1225 4602 Durum
1231 4584 1244 4615 ‚
1267 4538 1410 4600 Tibullum
