3450 5334
332 459 375 528 74
441 463 719 525 cotntnn'rtnn
737 463 779 522 tn
799 463 967 523 nontin
987 460 1343 522 retenemus.
1365 466 1389 521 1.

332 652 513 714 „properem
532 631 696 706 ditescere3
722 633 775 713 qui
791 632 824 688 in
837 631 928 712 plebe
940 619 1101 690 mensurus
1120 630 1197 705 siin,
1221 631 1249 690 si
1261 632 1396 712 equestri
1408 651 1498 691 sum-

331 755 401 796 mae
418 733 706 816 quadringentorum
726 737 860 796 millitnn
877 737 928 794 vel
947 735 1112 792 minimum
1135 730 1243 793 desit“
1267 743 1324 793 etc.
1368 736 1409 794 At
1424 747 1498 794 sunt

332 838 432 919 potius
448 839 540 896 verba
558 839 690 913 Horatii,
723 839 777 918 qui
799 857 879 897 novo
901 845 1079 917 argumento
1099 844 1191 915 atque
1215 837 1359 914 exemplo
1381 837 1498 898 ordinis

333 941 480 1020 equestris
494 959 601 1000 vocem
615 943 719 1000 illam:
747 941 775 1000 O
789 943 870 999 cives
883 950 939 999 etc.
953 959 1009 998 seu
1024 957 1130 996 veram
1143 957 1198 996 seu
1212 941 1416 997 necessariam
1430 961 1498 999 esse

334 1043 437 1118 docet3
463 1045 576 1124 quippe
601 1062 679 1124 quae
705 1044 754 1101 vel
774 1042 843 1120 lege
865 1039 998 1122 quadarn
1020 1043 1184 1100 sanciatur.
1226 1041 1395 1100 Etenimin
1420 1063 1493 1100 eum

333 1145 472 1206 ordinem
487 1164 526 1204 ex
543 1147 611 1224 lege
628 1145 740 1204 tribuni
755 1145 853 1224 plebis
866 1147 901 1203 Ι..
915 1145 1015 1204 Roscii
1032 1140 1160 1202 Othonis
1177 1138 1253 1219 (vid.
1265 1161 1295 1198 v.
1310 1143 1381 1224 62.)
1403 1165 1498 1204 nemo

333 1251 543 1330 coaptabatur,
567 1249 593 1306 si
613 1266 720 1306 census
739 1249 822 1306 illius
838 1249 939 1305 minor
953 1255 1017 1303 erat
1033 1243 1263 1325 quadringentis
1278 1246 1416 1304 millibus
1429 1267 1499 1307 ses-

331 1355 474 1427 tertium,
498 1352 519 1408 i.
541 1371 568 1407 e.
587 1360 707 1407 auctore
723 1348 863 1424 Budaeo,
884 1348 991 1407 decem
1007 1347 1144 1406 millibus
1158 1356 1370 1406 coronatorum
1385 1351 1438 1408 vel
1455 1369 1498 1408 ex

333 1455 497 1515 rationibus
513 1449 719 1510 aWiclaudio
734 1449 831 1511 ductis
846 1447 1097 1535 metrophanes,
1118 1451 1227 1507 rectius
1245 1449 1373 1510 fortasse
1388 1453 1499 1516 80000

332 1557 407 1616 thal.
436 1553 504 1616 vid.
519 1553 616 1612 Rorne'
630 1551 667 1613 de
688 1551 771 1612 l'lsle
786 1555 946 1632 metrolog.
966 1554 1079 1612 Toieln
1097 1583 1139 1598 -
1157 1571 1212 1609 zur
1228 1547 1405 1631 Erkliirung
1418 1555 1499 1612 alter

333 1659 551 1720 Schriitsteller
567 1655 715 1714 iibersetzt
737 1675 798 1748 pon
819 1657 948 1732 (imese,
969 1659 1028 1715 mit
1047 1656 1169 1734 einigen
1188 1650 1446 1734 Berichtigungen
1463 1676 1496 1715 v.

333 1764 419 1823 Holr.
441 1763 583 1820 Kanna.
618 1755 812 1817 Braunschw.
837 1757 930 1820 1798.
947 1778 979 1838 p.
996 1759 1070 1822 808.
1114 1757 1160 1815 ef.
1184 1757 1321 1817 lloched.
1346 1757 1385 1817 nd
1411 1761 1448 1818 Α.
1462 1762 1499 1818 Ρ.

332 1865 424 1938 888,
443 1859 570 1922 Eckhel.
590 1862 627 1918 D.
647 1864 683 1918 N.
702 1863 781 1920 Vett.
803 1862 839 1920 V·
862 1879 895 1939 p·
911 1860 963 1923 83.
980 1862 1032 1924 88.
1056 1871 1087 1920 et
1107 1879 1185 1941 qnos
1204 1859 1242 1920 de
1268 1881 1360 1920 censu
1380 1861 1497 1921 ordinis

334 1967 480 2048 equestris
492 1965 574 2023 vario
595 1961 700 2022 laudnt
719 1963 845 2022 Crenzer
857 1964 889 2020 in
903 1960 1016 2022 Absiss
1028 1963 1082 2022 der
1093 1963 1201 2022 Rom
1217 1962 1329 2044 Antiq.
1348 1960 1376 2046 ξ.
1392 1965 1443 2028 88.
1464 1985 1497 2045 p.

335 2068 418 2144 125,
444 2066 522 2124 adde
536 2067 640 2125 (laten.
656 2064 695 2125 ad
706 2067 786 2124 Pliu.
801 2065 899 2144 Epist.
915 2068 953 2141 1,
975 2067 1032 2142 19,
1045 2065 1076 2128 3.
1099 2064 1147 2125 ed.
1166 2067 1246 2126 Coit.
1269 2070 1305 2126 ln
1323 2087 1389 2125 rem
1409 2087 1498 2125 com—

333 2190 406 2250 para
421 2171 492 2230 Juv·
512 2169 546 2244 5,
575 2169 637 2233 138
657 2187 724 2250 sqq.
774 2167 1006 2246 Quadringenta
1020 2167 1077 2226 nbi
1090 2170 1118 2228 ei
1137 2171 1206 2248 qun
1229 2169 1303 2228 deur
1317 2180 1373 2227 ant
1385 2169 1499 2228 sim&

333 2273 382 2330 dn
396 2273 439 2330 Et
453 2269 641 2348 meltbrsatc'e
657 2271 782 2328 donaret
793 2269 973 2328 homuncio.-
995 2281 1130 2350 quantus
1147 2271 1196 2328 Ea
1207 2272 1408 2348 nihilofims
1422 2283 1478 2331 etc.
1484 2315 1497 2343 ‚

334 2385 365 2432 et
382 2373 424 2431 ib.
444 2371 500 2446 14,
520 2372 584 2434 323
595 2391 663 2452 sqq.
685 2373 766 2450 effice
780 2392 934 2430 summam
946 2372 1006 2430 Bis
1020 2383 1131 2450 septen
1148 2373 1317 2446 ordissibuc,
1339 2396 1433 2456 qnam
1447 2374 1498 2433 let

333 2475 481 2555 dignatur·
500 2473 627 2532 Othonis
642 2507 687 2520 -
700 2475 739 2532 cf.
756 2478 785 2549 1,
804 2475 876 2537 106·
892 2477 930 2547 8,
946 2477 1018 2538 117.
1032 2474 1070 2551 3,
1088 2473 1150 2539 154
1163 2495 1232 2558 sqq.
1244 2476 1386 2550 -Quod
1399 2481 1498 2536 ham·

334 2578 434 2651 binus,
450 2594 572 2634 suasore
587 2576 711 2636 Julisno
729 2575 876 2650 mediceo,
892 2573 1039 2655 distingui
1053 2579 1138 2637 vult:
1166 2580 1203 2637 Si
1215 2581 1326 2660 quadr.
1348 2601 1412 2652 sex,
1425 2599 1499 2657 sep-

335 2691 393 2737 tem
406 2711 449 2722 -
463 2680 486 2736 i.
495 2697 523 2734 e.
540 2679 566 2737 si
585 2677 813 2759 quadrittgeutis
828 2679 965 2737 millibus
980 2678 1065 2739 deest
1077 2701 1175 2740 unum
1188 2685 1284 2758 mille,
1296 2683 1412 2740 facturn
1425 2685 1495 2742 uol-

334 2785 408 2840 lem.
430 2781 588 2860 Reperitur
603 2791 633 2839 et
646 2781 725 2841 illud
739 2778 907 2860 asyndeton
925 2779 1006 2860 apud
1022 2785 1109 2859 alios,
1125 2795 1160 2843 nt
1173 2783 1261 2844 ovid.
1274 2787 1348 2845 Met.
1363 2787 1393 2858 6,
1409 2785 1495 2859 133..

333 2887 459 2944 Terent.
474 2885 552 2940 litut.
574 2885 611 2956 8,
630 2883 667 2957 3,
693 2881 745 2948 40.
773 2885 835 2943 cto.
852 2881 892 2942 ad
912 2884 1005 2942 Attio.
1026 2888 1084 2962 10,
1105 2889 1136 2952 8.
1149 2890 1308 2946 Praeterea
1321 2891 1428 2967 partic.
1441 2889 1499 2947 sed

334 3007 405 3047 cum
425 2989 542 3046 Bauero
563 2984 604 3044 ad
619 2985 720 3044 Senot.
742 2988 818 3046 nin.
834 2989 875 3045 Π.
896 3005 929 3065 p·
949 2987 1025 3051 888.
1043 3010 1105 3050 non
1124 2993 1355 3070 explicaverim:
1376 3001 1432 3061 at,
1451 2993 1492 3050 ci.

338 3090 494 3150 Sedenim
506 3108 568 3147 uon
588 3091 730 3169 opponit,
751 3087 807 3148 sed
823 3091 951 3168 apponit
971 3089 1021 3166 id,
1043 3091 1125 3172 quod
1142 3091 1391 3171 distinguendum
1406 3092 1496 3150 vide-

334 3205 401 3266 tur,
423 3201 458 3249 ut
470 3193 567 3269 Epist.
584 3193 620 3264 1,
639 3191 695 3263 16,
714 3186 784 3266 44„
807 3191 870 3250 vid.
887 3191 987 3250 Haud.
1004 3194 1096 3252 Tura.
1113 3198 1137 3253 1.
1159 3215 1191 3274 p.
1212 3193 1287 3258 485.
1302 3207 1333 3254 et
1348 3197 1441 3254 Kritz.
1455 3195 1497 3256 ad

335 3294 412 3354 Sall.
425 3292 522 3366 .1.85,
544 3293 596 3355 15.
618 3291 731 3352 Sensus
753 3296 848 3374 igitur
869 3305 933 3352 esta
955 3293 1164 3368 „stadum
1180 3300 1322 3373 virtutes,
1344 3310 1497 3378 quotquot

334 3393 438 3470 habes,
455 3391 569 3452 accedit
585 3397 712 3474 exiguae
729 3415 867 3455 summae
881 3395 1017 3456 defectus
1027 3391 1353 3482 fucultates'equestres
1365 3403 1496 3480 explen-

334 3501 373 3558 tis
381 3497 401 3532 “
416 3498 497 3558 sive:
521 3508 618 3571 „sunt
630 3508 700 3556 tuae
714 3499 770 3557 tibi
782 3501 925 3574 virtutes,
943 3501 987 3558 ita
1000 3511 1122 3577 tamen,
1142 3513 1229 3560 ut-
1241 3534 1286 3548 -
1299 3503 1390 3562 Plebs
1401 3506 1495 3562 eris.“

334 3607 400 3676 Qua
422 3623 454 3660 re
476 3617 624 3680 perpensa
644 3611 751 3680 sponte
773 3602 939 3662 exsultabit
956 3605 1104 3682 particula
1127 3605 1157 3663 ci
1174 3625 1192 3662 a
1213 3609 1368 3665 nonnullis
1387 3627 1417 3665 v.
1438 3606 1494 3669 58.

335 3713 461 3764 retenta.
504 3703 636 3782 Cmquio
654 3713 764 3780 autem,
786 3723 882 3786 quum
899 3715 1029 3786 quatuor
1037 3703 1130 3782 haec,
1159 3705 1242 3788 qnod
1256 3707 1295 3766 ad
1308 3711 1430 3768 lncrtnn
1442 3711 1494 3767 fa-

334 3807 477 3868 ciendum
495 3815 524 3864 ct
540 3816 690 3865 mercatus
703 3809 824 3887 negotia
838 3805 1087 3884 desiderarentur,
1108 3810 1199 3868 allata
1212 3811 1358 3886 affirmat,
1372 3811 1496 3872 credere

333 3914 409 3972 noli.
452 3907 520 3970 vid.
536 3907 585 3966 ed.
603 3911 628 3966 1.
647 3928 680 3987 p.
701 3908 753 3973 54.
775 3913 868 3970 Recte
889 3920 994 3970 autem
1008 3909 1193 3972 scholiastes
1209 3913 1336 3993 Cruqnii
1355 3915 1448 3973 verba
1462 3935 1496 3975 v.

335 4015 406 4077 59.τ
439 4011 532 4071 Plebs
550 4011 607 4067 arie
614 4051 627 4080 ,
648 4012 877 4091 iuterpretatur:
906 4015 1100 4071 contemneris
1107 4057 1121 4086 ,
1145 4017 1222 4072 nster
1231 4013 1354 4093 plebem
1371 4029 1499 4094 tpara-

335 4115 413 4174 bm'c
426 4125 454 4174 at
463 4117 497 4172 in
510 4113 737 4194 qnamordecisn
750 4111 907 4174 ordimem
916 4135 979 4173 non
990 4113 1115 4175 sedabis.
1137 4119 1217 4176 Nam
1232 4136 1318 4177 exeo
1331 4117 1403 4176 iude
1414 4130 1497 4178 tem-

334 4238 409 4298 pore
435 4219 586 4297 imprimis
616 4214 821 4278 Gracchonun
855 4215 1020 4298 (nenton
1043 4217 1082 4276 de
1107 4220 1270 4298 Equitibus
1294 4223 1440 4280 Romanis
1464 4217 1497 4302 ξ.

334 4316 504 4394 88-84.,
524 4319 626 4379 Beck.
648 4323 761 4380 Histor.
772 4323 840 4382 Jur.
853 4322 943 4379 Rom.
958 4317 1007 4378 ed.
1021 4317 1053 4384 5.
1066 4339 1099 4398 p.
1112 4321 1155 4384 87
1165 4321 1264 4404 sqq),
1286 4343 1348 4405 quo
1373 4326 1494 4404 equites

335 4417 505 4482 secundum
531 4441 602 4481 vere
628 4421 798 4482 efficiebant
818 4423 933 4482 civium
955 4423 1161 4483 Romanorum
1188 4425 1344 4502 ordinem,
1372 4427 1494 4506 plebejo

336 4541 432 4602 paene
446 4531 482 4580 ut
496 4523 588 4603 uulgo
602 4522 779 4585 inhaerebat
793 4526 878 4586 notio
898 4523 1049 4608 quaedam
1061 4527 1187 4586 vilitatis
1204 4537 1296 4609 atque
1310 4539 1496 4591 couoesntus.
