3450 5334
555 1738 1052 1830 PRAEFATIO.

224 2183 340 2321 Quos
363 2229 439 2295 onte
460 2223 521 2296 hos
544 2244 606 2295 sex
624 2244 754 2296 menses
775 2245 841 2321 ego
868 2232 904 2297 et
928 2221 1144 2295 Theodorus
1165 2220 1383 2299 Schmidius

222 2362 264 2433 de
284 2364 411 2434 ratione
431 2369 528 2457 etque
548 2362 773 2434 sormunovse
785 2362 883 2453 hujus
903 2361 1053 2432 editionis
1075 2366 1304 2460 exposuimus,
1329 2387 1384 2463 eu,

223 2506 379 2591 quatenus
393 2500 457 2573 huc
470 2500 612 2596 fuciunt,
633 2520 719 2569 nunc
732 2498 894 2593 praefanti
908 2506 1057 2593 repetere
1075 2502 1185 2573 licest.
1223 2502 1382 2575 Persmus

222 2656 295 2711 eam
321 2637 575 2721 Horetisnsrorn
599 2638 824 2731 Epistularum
849 2635 1044 2731 editionem,
1085 2660 1168 2732 quse
1194 2644 1382 2735 cognitione

222 2774 411 2867 dignissimo
424 2783 525 2845 torma
544 2776 707 2848 retentus
720 2782 789 2845 tum
807 2794 829 2843 s
849 2775 1030 2845 reecntnius
1051 2777 1278 2871 interpretibus
1298 2800 1381 2871 pro-

221 2912 328 3003 posito
353 2912 471 2983 habeut
498 2932 642 3005 quosque
667 2914 760 2983 voris
780 2914 814 2982 in
834 2913 944 2983 moltis
971 2914 1062 2985 noro
1092 2914 1241 3006 disperse
1260 2915 1294 2983 in
1315 2932 1381 2987 ono

222 3050 311 3139 qussi
334 3056 507 3143 conspectu
530 3052 637 3142 positu
659 3048 852 3143 suppeditet.
890 3047 1079 3142 Quanquam
1098 3050 1288 3145 Inpotens,
1313 3052 1380 3121 im-

221 3186 360 3257 mortale
380 3186 461 3257 illud
478 3190 564 3258 vatis
578 3188 736 3259 Venusini
755 3208 893 3281 munus,
911 3187 975 3259 inne
996 3186 1122 3281 quidem
1141 3194 1251 3259 astute
1264 3191 1380 3279 mojori

220 3328 378 3394 unctutue
393 3332 470 3395 sunt
485 3325 610 3419 studio,
634 3322 742 3396 nmen
757 3332 884 3398 restent
897 3325 999 3397 nolu
1012 3346 1099 3398 nous
1117 3326 1207 3420 qussi
1220 3325 1293 3397 luce
1304 3327 1378 3397 eol-

183 3440 188 3449 ’
219 3460 408 3558 lmuunds,
433 3472 559 3537 restent
578 3464 645 3534 uiis
669 3462 712 3531 dc
731 3463 873 3557 singuiis
893 3463 975 3534 loeis
1000 3463 1034 3533 in
1060 3470 1228 3556 utrumque
1252 3470 1380 3557 portum

220 3598 400 3694 disposta,
428 3623 510 3693 quoe
535 3605 569 3671 in
590 3600 781 3673 editionibus
800 3599 842 3669 sd
870 3599 1055 3673 scholnmm
1073 3621 1166 3671 namn
1192 3620 1378 3671 momm-

219 3734 304 3807 dntis
319 3741 449 3809 trucmn‘
462 3760 528 3810 non
541 3744 725 3832 potuerunt.
752 3736 805 3808 Ne
819 3738 888 3832 quis
905 3743 1014 3810 umen
1033 3738 1202 3831 opinetur,
1223 3738 1377 3808 librorum

219 3896 386 3947 numerum
409 3878 443 3945 in
471 3876 541 3947 diss
566 3883 695 3947 suctum
720 3896 782 3945 nos
807 3894 934 3968 quoqne
961 3873 1146 3970 sugendum
1171 3875 1376 3969 suscepisse,

218 4012 319 4085 libere
342 4013 545 4108 profitemur,
573 4019 698 4085 mutum
715 4012 850 4108 abesse,
879 4019 916 4083 nt
934 4013 1060 4083 utienns
1078 4033 1159 4105 opes
1177 4013 1211 4079 in
1229 4018 1376 4083 nostrunn
1508 4021 1510 4024 ’

218 4170 310 4219 risum
330 4157 455 4221 temere
476 4158 700 4222 convertemus
719 4151 919 4243 odiorumque
939 4150 1063 4221 rivulos
1082 4150 1116 4219 in
1133 4154 1262 4221 nostros
1278 4146 1374 4220 fruu—
1411 4247 1413 4252 Ι

219 4285 368 4359 dolenter
394 4288 590 4359 deducemus
606 4288 740 4383 hortos,
767 4296 803 4361 ut
827 4310 889 4359 sus
907 4289 1020 4380 cuique
1039 4291 1191 4359 msncsnt
1214 4293 1309 4379 utque
1333 4307 1375 4358 es

218 4426 309 4495 nobis
331 4425 550 4498 tantummodo
576 4426 793 4521 vindicemus,
830 4446 912 4518 quse
929 4428 965 4495 in
989 4423 1094 4495 medio
1115 4429 1191 4495 sunt
1209 4425 1315 4517 posito
1334 4446 1374 4495 uo

220 4564 321 4631 nostri
339 4569 415 4633 sunt
435 4571 468 4633 et
483 4560 594 4651 judieii
615 4571 648 4635 et
671 4563 873 4661 diligentiss-
900 4558 1057 4637 Ceterum
1070 4581 1152 4653 quse
1168 4562 1265 4633 venis
1281 4560 1374 4630 tibris
