3450 5334
233 531 277 594 ss
341 524 629 590 comesurum
649 526 695 587 ue
713 521 880 586 nomeu
900 521 975 584 cm.
989 524 1011 585 1.
1024 522 1150 585 uersu.
1166 524 1280 583 sexu.
1330 508 1397 586 sos

234 721 389 796 appetunt,
411 716 533 775 alterum
552 734 666 790 eormn,
686 714 734 790 qui
751 718 950 792 paupertatem
971 718 1024 769 etc.
1047 713 1121 771 omni
1145 712 1239 769 studio
1257 712 1392 789 devitent]

235 820 342 875 amena
364 819 426 876 fere
450 836 540 895 aeque
561 815 743 894 perturbatur
763 834 798 873 ac
817 817 941 893 cupiens
968 812 1043 891 (Cic.
1065 810 1155 871 Tusc.
1178 810 1215 889 4,
1236 816 1294 889 28,
1316 814 1393 893 61.)‚

233 918 306 979 slter
326 926 404 978 metu
422 918 489 977 mali
517 919 673 993 venientis,
708 916 781 977 alter
807 919 949 978 desiderio
977 913 1045 972 boni
1074 912 1209 975 absentis.
1253 914 1394 975 Particuln

233 1026 328 1079 autem
348 1020 416 1097 fere
441 1020 612 1079 sententiam
640 1021 677 1078 ad
706 1019 736 1077 id
762 1018 877 1095 dilatat,
907 1017 984 1096 quod
1012 1016 1073 1075 lieri
1096 1015 1190 1091 solet,
1223 1018 1277 1077 vid.
1298 1019 1392 1078 Hand.

234 1117 323 1177 Turs.
339 1118 376 1177 Π.
398 1140 426 1198 p.
448 1117 521 1182 694.
564 1120 679 1183 Ruhnk.
697 1122 735 1179 ad
762 1119 847 1179 Ovid
875 1118 993 1179 Heroid.
1017 1117 1077 1194 19,
1099 1115 1150 1180 45.
1179 1126 1208 1178 et
1236 1119 1335 1179 Klotz.
1357 1122 1393 1181 ad

234 1219 295 1277 Uro.
316 1218 406 1279 Tusc-
429 1220 460 1297 5,
484 1222 538 1297 30,
556 1222 607 1284 85.
648 1223 693 1283 Ex
712 1228 807 1283 mente
828 1229 922 1281 autem
942 1221 1085 1300 Koenigii
1111 1218 1284 1297 aliorumque
1303 1219 1394 1281 Poeta

232 1320 356 1396 indicat,
382 1342 440 1399 „se
458 1324 602 1401 vulgarem
623 1326 702 1385 verbi
721 1324 856 1382 mnndi
875 1324 1106 1383 consuetudinem
1126 1341 1184 1379 non
1206 1342 1271 1381 esse
1291 1343 1393 1383 conse-

233 1426 327 1481 cutum
349 1428 380 1482 et
399 1422 534 1485 effectum
552 1447 726 1487 communem
742 1426 1044 1503 tanturmspectnsse.“
1084 1423 1130 1483 De
1145 1421 1232 1483 verbo
1247 1424 1393 1496 mirandi,

232 1525 262 1583 in
288 1545 345 1603 quo
365 1526 516 1587 Horatium
534 1530 634 1588 ludere
651 1532 681 1589 in
701 1538 836 1608 promptu
857 1532 914 1604 est,
935 1528 1053 1587 laudant
1070 1523 1178 1586 Lucan·
1190 1528 1222 1601 2,
1244 1527 1293 1590 28.
1329 1530 1393 1589 Neo

232 1626 307 1684 deun
330 1638 374 1685 est
391 1628 445 1685 ille
458 1628 556 1701 dolor,
574 1631 628 1689 sed
638 1634 712 1704 jam
725 1630 814 1689 dolus
817 1653 832 1704 ,⁰
853 1628 980 1687 incudm
997 1648 1101 1687 amens
1117 1630 1311 1708 Miraturque
1324 1650 1394 1689 ma·

232 1727 307 1787 lon
349 1729 384 1789 In
412 1734 585 1793 sententiam
605 1734 682 1793 conf.
724 1733 789 1792 Jnv.
812 1730 869 1807 10,
888 1727 918 1793 4.
968 1729 1052 1807 Quid
1071 1732 1149 1788 enim
1171 1733 1286 1789 ratione
1306 1736 1394 1791 time-

232 1852 301 1890 mres
321 1831 391 1890 Aut
420 1834 580 1913 cupimus?
611 1838 714 1896 Senec·
730 1834 823 1914 Epist·
843 1834 913 1901 123.
962 1831 1052 1909 Quod
1078 1834 1199 1912 assequi
1216 1838 1392 1914 poterimus,

232 1935 262 1991 ei
274 1936 438 2015 fecerimus
459 1937 519 1995 duo
533 1958 595 1995 esee
609 1956 723 2017 genera
739 1957 855 2007 rerum,
876 1954 954 2015 qrtoe
974 1954 1029 1991 noe
1045 1944 1101 1991 aut
1122 1934 1248 1993 invitent
1265 1946 1321 1994 auct
1331 1938 1395 2017 su-

230 2047 315 2115 gent.
358 2037 506 2112 Invitent,
539 2050 576 2097 ut
590 2040 734 2109 denae,
760 2038 945 2117 voluptates,
965 2035 1094 2114 forma,
1124 2036 1269 2109 ambitio,
1298 2050 1395 2098 cetera

232 2136 350 2197 blando
370 2150 399 2195 et
416 2138 594 2199 ar‘rt'cients‘ea.
639 2141 780 2221 blegent,
808 2137 917 2211 labor,
947 2159 1046 2208 more,
1075 2137 1181 2213 dolor,
1211 2143 1394 2220 ignominiis,

232 2242 330 2300 rienes
349 2243 509 2315 aebibtior.
550 2240 698 2301 Debemus
716 2246 819 2322 itaque
839 2243 985 2313 exerceri,
1011 2260 1049 2298 ne
1067 2239 1142 2298 haec
1162 2245 1333 2315 mmmm,
1355 2264 1393 2302 ne

233 2342 291 2401 illa
312 2346 478 2421 cupiemus.
520 2343 565 2401 Id.
579 2343 673 2422 Epist.
690 2345 762 2408 110.
781 2346 811 2401 ei
831 2346 928 2421 sapis,
948 2346 1050 2403 omnio
1069 2342 1206 2402 hnmana
1227 2345 1395 2405 conditione

232 2448 351 2503 metire:
380 2446 476 2505 simul
493 2456 522 2503 et
537 2444 621 2525 quod
636 2446 756 2525 gaudes
773 2458 803 2503 et
821 2446 905 2527 quod
919 2448 1004 2505 tirnes
1026 2444 1177 2503 contrahe.
1221 2445 1283 2503 Cic.
1306 2448 1393 2509 offic.

235 2550 270 2624 1,
293 2549 353 2624 20,
375 2548 427 2611 69.

317 2648 351 2707 V.
375 2649 498 2712 10.11.
536 2661 864 2732 pavor-utrumque.
909 2649 1020 2710 Locum
1038 2648 1113 2707 haud
1134 2648 1277 2709 difficilem
1304 2652 1396 2731 expli-

234 2760 299 2812 catu
317 2751 505 2811 obscmarunt
527 2759 557 2811 et
575 2753 756 2813 distinctione
778 2760 809 2813 et
823 2754 1059 2831 interpretatione
1076 2752 1246 2827 interpretes
1263 2754 1327 2830 ipsi.
1355 2753 1396 2814 At

230 2876 330 2935 pavor
350 2850 504 2935 (θάμβος,
526 2852 608 2911 Fmd.
628 2855 748 2914 Nemes.
772 2858 807 2931 1,
830 2856 881 2919 85.
903 2854 948 2913 vel
969 2852 1125 2930 ἔκπληξις,
1145 2849 1246 2929 Polyb.
1268 2854 1307 2929 3,
1328 2855 1395 2935 81.)

235 2957 428 3017 consternatio
455 2970 507 3011 seu
532 2956 637 3012 mentis
662 2955 797 3014 alienatio
818 2976 870 3015 seu
889 2952 1066 3034 perturbatio
1087 2952 1172 3011 animi
1193 2973 1228 3014 ex
1246 2974 1278 3014 re
1298 2954 1394 3015 subito

234 3058 332 3119 oblata
352 3062 417 3115 orta
440 3054 521 3113 etin
551 3057 692 3133 cupiendo
713 3063 744 3116 et
764 3057 793 3114 in
813 3056 940 3115 timendo
963 3054 1102 3113 molestus
1123 3055 1224 3115 dicitur
1245 3059 1337 3135 magis
1360 3078 1395 3119 ex

234 3160 378 3221 sententia
398 3154 559 3236 philosophi
584 3155 675 3235 (quod
695 3179 755 3219 non
772 3158 846 3218 male
868 3160 982 3236 conjicit
1001 3155 1162 3235 Koenig.),
1191 3177 1276 3234 quam
1296 3179 1395 3219 eorum

233 3266 381 3342 ipsorum,
402 3278 476 3338 quos
497 3278 589 3337 pavor
607 3262 731 3337 incedit,
756 3261 873 3320 simulac
893 3262 1039 3340 inopinata
1060 3261 1171 3339 species
1194 3260 1238 3319 vel
1259 3260 1327 3319 boni
1349 3263 1394 3323 vel

233 3365 299 3425 meli
319 3360 481 3442 praesentis
503 3362 623 3423 alterum
644 3362 751 3423 laetitia
757 3404 767 3439 ,
799 3362 919 3424 alterum
940 3364 1041 3423 dolore
1061 3363 1202 3443 percutit,
1228 3358 1390 3443 ἐκπλήττει.

233 3466 323 3527 Paulo
344 3465 426 3524 aliter
446 3462 522 3524 huuc
540 3464 634 3524 locum
654 3468 800 3527 constituit
820 3468 873 3525 Fr.
895 3466 1014 3527 Jacobs.
1040 3488 1069 3545 p·
1094 3465 1177 3540 155„
1196 3464 1278 3525 aliter
1298 3466 1394 3525 Dori-

231 3569 353 3652 ghello,
391 3586 427 3627 cx
457 3566 537 3643 cujus
558 3570 700 3629 sententie
728 3571 842 3648 species
863 3590 957 3629 rerum
978 3570 1210 3647 obstupefaciant
1230 3573 1392 3645 utrumque,

234 3692 319 3749 quum
337 3680 448 3751 gratos
467 3665 529 3747 (tt)
549 3675 632 3741 sunt3
659 3671 741 3729 aliter
761 3672 921 3730 Piscator:
950 3675 1097 3731 timentem
1118 3670 1250 3748 quidem,
1272 3674 1297 3730 si
1317 3672 1393 3733 obti-

235 3776 331 3850 geriut
350 3776 514 3852 insperatae
533 3772 646 3832 divitiae
667 3780 716 3832 aut
736 3772 876 3833 honores:
905 3778 1065 3855 cupientem
1086 3793 1170 3848 vero,
1196 3774 1220 3831 si
1240 3774 1394 3833 acciderint

235 3871 291 3933 illis
312 3874 448 3945 adverso3
479 3873 561 3933 aliter
581 3892 694 3952 quoque
721 3874 913 3953 Groebelirn,
946 3879 990 3935 coi
1011 3877 1123 3956 species
1145 3875 1264 3949 dicitu,
1296 3893 1394 3952 „quae

236 3980 286 4032 aut
303 3975 442 4051 jacturam
462 3974 566 4033 efferat
586 3996 694 4053 eorum,
716 3980 865 4056 quaejam
886 3980 1004 4055 habeas,
1026 3985 1076 4039 cut
1097 3998 1179 4057 spem
1200 3978 1394 4054 consequendi

237 4093 282 4150 ee,
304 4093 377 4151 quse
399 4076 513 4151 cupias,
545 4078 683 4139 ndimst“
725 4078 765 4140 At
785 4079 892 4141 Poetae
912 4100 995 4141 mens
1016 4080 1128 4159 planius
1150 4080 1324 4158 significatur
1345 4098 1393 4138 se-

236 4174 387 4252 quentibus
403 4175 509 4253 verbis,
531 4183 624 4246 v-12.
666 4184 771 4262 Neque
789 4185 930 4244 assentior
940 4183 1009 4241 Viro
1030 4181 1208 4256 doctissimo,
1230 4199 1316 4258 quum
1329 4200 1392 4241 voc.

236 4277 378 4335 neoterius
397 4299 452 4356 pro
473 4278 633 4360 Adjeetivo,
653 4304 712 4345 non
732 4306 786 4366 pro
807 4284 975 4346 Ptaedicato
997 4281 1101 4359 habet,
1124 4287 1157 4340 ut
1178 4284 1231 4340 sit:
1254 4282 1394 4342 molestus

233 4400 334 4459 pavor
354 4391 398 4439 eet
416 4381 581 4462 utrobique.
627 4386 685 4464 At,
717 4389 845 4465 nequid
872 4390 909 4447 de
937 4389 1001 4465 ipsa
1026 4383 1177 4444 uerborum
1205 4386 1393 4448 collocatione

235 4484 348 4560 dimm,
385 4482 522 4543 Horatios
544 4486 608 4564 ipse
628 4508 656 4547 v.
681 4489 730 4556 14.
752 4491 950 4551 Praedicatum
970 4488 1037 4547 illud
1068 4488 1227 4548 accuratius
1257 4489 1394 4552 describit

234 4592 322 4662 atque
343 4585 450 4645 definit·
494 4585 574 4647 Idem
592 4594 714 4655 testatur
723 4594 826 4653 Cicero
847 4596 877 4654 in
892 4592 981 4654 Tusc.
997 4586 1029 4669 4,
1052 4587 1103 4665 15,
1124 4587 1175 4651 35.
1189 4588 1393 4671 Obiq.Klotz.)

269 4684 382 4739 Hom.
399 4684 422 4740 l.
1073 4686 1116 4753 20
1137 4690 1186 4771 (3)
