3450 5334
364 455 429 522 aaa
472 453 756 519 commnrlau
775 455 821 518 m
840 453 1009 519 uoruru
1028 452 1284 516 Lm.1.u1>1sT.
1300 402 1415 517 srxr.
1483 454 1528 523 ss

359 629 441 689 tandi
460 626 579 689 babeat.
620 628 709 705 lude,
730 628 809 705 quod
828 629 867 688 ad
891 633 1022 689 naturam
1041 626 1283 687 accommodatius
1305 630 1361 703 est,
1383 626 1524 687 candida·

359 736 421 789 tum
446 730 577 808 pondera
601 731 811 791 transilientem
837 731 946 791 iaciunt
967 731 1147 807 Deoprezc'us
1169 735 1200 788 et
1218 728 1378 787 errokr'rco.
1424 728 1463 788 At
1483 748 1522 791 ue

357 831 442 891 uobis
463 851 536 891 neve
555 832 619 891 aliis
637 835 741 893 deesse
758 852 957 913 coarguamur,
977 834 1071 892 varias
1092 832 1217 890 virorum
1237 833 1392 891 doctorum
1406 833 1445 891 de
1463 830 1521 891 boc

357 933 422 992 loco
448 935 607 993 sententias
634 954 721 1012 quam
750 934 917 997 brevissime
943 936 1006 997 fieri
1024 939 1123 1013 potest
1145 932 1370 994 recensebimus.
1412 932 1517 993 Acron

351 1036 491 1115 pondero
511 1037 644 1115 iutelligit
665 1038 797 1115 „lapides
812 1040 861 1117 qui
876 1040 1060 1119 porriguntur
1075 1056 1127 1117 per
1141 1038 1202 1095 vias
1216 1036 1326 1115 (Schol.
1344 1036 1450 1114 Cruq.:
1470 1036 1516 1113 qui

356 1160 409 1219 per
422 1142 482 1199 vias
497 1142 598 1199 dautur
612 1143 642 1198 in
656 1140 767 1219 opera),
783 1140 828 1199 vel
841 1142 890 1219 qui
903 1144 940 1201 ad
955 1141 1047 1200 latera
1061 1141 1184 1219 expositi
1198 1139 1315 1199 altiores
1326 1144 1394 1199 sunt
1405 1137 1516 1217 (Scbol.

357 1244 462 1320 Cruq.:
483 1248 533 1302 aut
547 1241 607 1320 [ad]
621 1242 713 1300 latera
728 1242 836 1301 viarum
850 1244 971 1322 expositi
986 1243 1103 1303 altiores
1120 1240 1280 1320 erigrmtur)
1294 1246 1325 1300 et
1340 1246 1386 1299 est
1400 1258 1515 1299 seusus:

356 1347 406 1423 qui
419 1364 534 1403 manum
546 1344 696 1421 porrigant
709 1341 818 1424 (Sobol.
834 1342 941 1422 Cruq.:
962 1344 1105 1425 porrigat)
1127 1344 1318 1403 transituro.“
1369 1343 1518 1421 qumirs

355 1446 442 1523 igitur
463 1445 528 1504 loco
541 1444 636 1521 Epist.
651 1444 682 1517 2,
704 1447 735 1519 2,
756 1445 808 1505 71.
823 1444 896 1503 male
917 1446 1023 1507 abusus
1045 1447 1199 1525 significari
1213 1447 1345 1526 opinatur
1359 1463 1427 1504 saxa
1443 1464 1516 1522 pon-

355 1548 470 1624 derosa,
491 1565 565 1623 quae
578 1544 738 1621 Hesychius
759 1544 916 1626 σπήλωνες
929 1556 1024 1627 vocet,
1043 1550 1139 1629 pontis
1154 1548 1217 1608 loco
1232 1550 1262 1607 iu
1276 1547 1370 1608 hieme
1384 1564 1515 1626 praesera

353 1650 406 1708 tin
421 1649 570 1709 itineribus
583 1649 722 1725 projecta.
744 1648 946 1709 Britannicus
960 1672 1024 1711 cum
1036 1652 1099 1711 aliis
1115 1652 1226 1729 quidem
1242 1651 1336 1709 bacin
1349 1669 1382 1709 re
1397 1668 1516 1709 cousen-

353 1751 401 1828 tit,
411 1759 444 1811 ut
453 1751 591 1831 pondera
604 1770 670 1809 esse
683 1751 760 1809 dicat
774 1752 885 1830 lapides
898 1758 948 1812 aut
959 1773 1079 1832 magnae
1092 1754 1223 1813 materiei
1235 1772 1376 1830 acervum,
1388 1752 1441 1811 sed
1454 1768 1516 1809 ser-

353 1873 419 1913 vum
432 1854 576 1913 domiuum
590 1872 671 1911 suum
683 1862 764 1914 trans
779 1874 814 1914 ea
828 1862 963 1933 porrecta
976 1857 1076 1915 dextra
1089 1855 1126 1912 ab
1140 1854 1232 1913 altera
1244 1855 1306 1913 viae
1320 1860 1403 1932 parte
1423 1852 1453 1909 in
1472 1850 1514 1909 al-

353 1961 443 2015 teram
464 1957 569 2015 ducere
588 1957 639 2033 ait,
660 1962 693 2013 ut
712 1976 765 2033 per
785 1958 841 2016 hoc
857 1957 1000 2035 intelligas
1021 1976 1133 2019 serrum
1154 1976 1304 2037 procerum
1320 1974 1354 2015 ac
1369 1956 1513 2019 robustum

352 2058 391 2116 ad
403 2057 544 2133 quandam
557 2059 719 2117 ambitionis
733 2060 963 2119 ostentationem.
1006 2057 1040 2117 lu
1052 2056 1130 2117 illum
1147 2059 1261 2135 quidem
1281 2076 1454 2137 magnopere
1470 2058 1515 2115 iu-

352 2158 463 2219 vehitur
483 2158 639 2231 blondum
653 2163 707 2219 secl
718 2161 820 2220 lectica
832 2161 933 2238 ipsius,
946 2180 1000 2239 pro
1015 2178 1071 2238 qua
1084 2165 1248 2239 propugnat
1261 2160 1453 2235 vehementer,
1467 2176 1515 2217 as-

352 2281 468 2322 sensum
477 2262 629 2322 multorum
637 2283 697 2323 uon
705 2262 779 2321 tulit.
796 2264 979 2342 Quapropter
997 2262 1180 2332 Tomentum,
1190 2267 1345 2342 praeeunte
1354 2260 1514 2330 Ascenaio,

348 2363 486 2442 pondera
505 2365 633 2424 indicare
653 2365 708 2424 sibi
727 2365 884 2442 persuadet
904 2365 1061 2441 prementis
1082 2364 1197 2443 populi,
1219 2366 1300 2424 utin
1321 2370 1402 2424 tanta
1418 2362 1512 2422 multi·

350 2467 449 2525 tudine
468 2466 531 2525 fieri
553 2466 663 2544 soleat,
694 2486 767 2527 onus
787 2474 875 2545 atque
893 2465 1053 2526 molestiam
1072 2471 1159 2543 atque
1179 2466 1251 2525 adeo
1273 2468 1409 2545 quicquid
1429 2486 1512 2525 acce-

350 2570 420 2629 dere
439 2574 470 2627 et
487 2588 625 2647 prensare
645 2570 754 2628 volenti
772 2569 880 2645 obstet,
900 2576 932 2629 ut
953 2569 984 2626 id
1004 2588 1088 2629 omne
1110 2568 1278 2647 propulsare
1300 2590 1363 2629 eum
1387 2567 1512 2647 compel-

350 2671 391 2731 lat
413 2670 628 2748 nomenclator,
658 2691 696 2731 ue
717 2674 818 2750 quovis
838 2678 925 2752 pacto
945 2673 989 2748 is,
1025 2673 1072 2749 qui
1091 2672 1166 2749 apud
1185 2670 1276 2731 tribus
1297 2674 1439 2749 gratiosus
1463 2671 1511 2748 sit,

350 2794 368 2834 a
387 2774 537 2833 candidato
556 2774 663 2852 negligi
681 2776 821 2835 videatur.
858 2774 973 2835 Laudat
991 2775 1021 2835 iu
1042 2794 1122 2834 suam
1142 2792 1202 2832 rem
1216 2774 1278 2831 Sat.
1290 2774 1320 2849 2,
1333 2774 1364 2849 6,
1376 2772 1510 2839 28-80.

349 2876 485 2935 Similiter
505 2875 693 2955 Doeriogiua
712 2878 742 2937 in
761 2878 808 2937 ed.
829 2879 897 2939 min.
920 2886 1031 2955 „artam
1049 2876 1192 2935 homiuum
1212 2875 1345 2935 turbam“
1369 2876 1511 2954 iutelligIt.

349 2978 389 3036 At
415 2978 471 3036 Tlr.
498 2978 666 3037 Marcilium
685 2980 774 3039 verba
791 2980 841 3039 illa
858 2981 935 3039 idem
954 2999 1019 3040 esse
1040 2978 1126 3037 docet
1149 2996 1183 3035 ao
1212 2996 1416 3058 „corrumpere
1435 2982 1511 3039 cives

349 3079 548 3157 largitionibus
574 3084 634 3141 sive
660 3080 811 3159 largitione
839 3102 892 3141 sua
913 3082 1052 3142 excedere
1079 3080 1193 3160 publica
1212 3082 1389 3160 pondera,“
1420 3083 1512 3141 sretus

348 3186 519 3243 auctoritate
539 3182 638 3260 Festi,
671 3185 719 3261 qui
738 3184 844 3260 tradit,
882 3184 947 3263 lege
968 3182 1038 3241 Silia
1058 3182 1231 3261 ponderibus
1252 3182 1374 3262 publicis
1395 3184 1512 3243 modum

348 3287 528 3365 praefinitum
547 3287 785 3364 magistratumque
801 3287 905 3346 vetitos
928 3304 994 3345 esse
1014 3286 1121 3363 majora
1139 3286 1283 3343 minorave
1303 3285 1407 3345 secere.
1461 3285 1509 3343 Sic

348 3390 492 3464 Bonfinr'r
509 3389 647 3466 pondera
666 3408 733 3447 esse
748 3390 816 3449 dicit
833 3389 960 3467 „gravia
979 3407 1096 3449 munera
1115 3406 1150 3447 ac
1168 3388 1290 3463 doua,“
1323 3389 1376 3447 sed
1397 3406 1510 3447 servum

348 3493 419 3550 mire
439 3492 510 3549 lacit
530 3498 681 3570 cogentem
699 3493 828 3552 dextram
849 3512 908 3551 non
930 3491 1072 3550 candidati
1092 3489 1166 3548 illius
1187 3491 1318 3568 quidem,
1339 3497 1370 3547 at
1391 3490 1509 3567 „clien-

348 3595 418 3655 tium
435 3594 483 3653 vel
507 3594 684 3654 subditorum
707 3595 935 3673 transporrigere
955 3593 1022 3653 talia
1048 3592 1200 3653 munera.“
1243 3592 1352 3653 Contra
1373 3593 1422 3651 Io.
1448 3594 1511 3649 Τα-

350 3697 498 3755 enonas
517 3697 547 3755 in
566 3696 622 3754 illis
643 3695 738 3755 verbis
764 3698 860 3757 inesse
879 3702 964 3777 putat
984 3695 1053 3755 hoc:
1084 3712 1227 3771 „manum
1249 3714 1267 3753 a
1286 3700 1356 3773 toga
1376 3695 1509 3774 expedire

349 3804 380 3859 et
399 3801 544 3874 emittere,
575 3803 607 3856 ut
627 3817 688 3858 eam
708 3799 774 3857 huic
793 3798 869 3860 illive
889 3800 1037 3879 porrigere
1057 3798 1150 3876 possit
1171 3796 1371 3857 candidatus.“
1413 3795 1509 3857 Simile

348 3902 415 3978 quid
443 3906 595 3960 senserunt
621 3900 765 3979 Sigonius
790 3908 821 3961 et
849 3903 957 3962 Octav.
982 3902 1158 3972 Ferrarium,
1190 3918 1208 3958 a
1234 3920 1353 3979 quorum
1382 3900 1508 3979 partibus

348 4002 445 4061 Feam
464 4009 496 4063 et
513 4003 759 4080 Clearpenterium
778 4010 856 4065 stare
875 4004 959 4065 valde
978 4007 1075 4065 miror.
1119 4002 1229 4062 Contra
1238 4004 1348 4081 Sigouii
1368 4004 1507 4081 iuterpre-

347 4108 484 4167 tatiouem
502 4107 625 4167 surrexit
648 4106 799 4165 Graevius
805 4151 819 4180 ,
854 4110 903 4187 qui
924 4127 1005 4167 suam
1032 4107 1101 4167 tecit
1122 4103 1234 4183 Angelii
1251 4106 1374 4183 Bargaei
1391 4111 1506 4163 senteu-

347 4210 432 4287 tiam,
464 4230 537 4289 quae
557 4211 627 4271 haec
652 4215 713 4269 est:
743 4212 853 4289 „cogit
872 4230 971 4271 servus
991 4210 1038 4270 ille
1058 4210 1214 4287 porrigere
1234 4207 1312 4265 dext.
1338 4219 1376 4265 tr.
1396 4204 1506 4286 pond,

347 4310 374 4371 b.
390 4333 417 4372 e.
437 4314 565 4393 ineptum
581 4334 647 4373 esse
663 4314 717 4390 sic,
738 4320 770 4373 ut
789 4334 882 4393 ueque
903 4316 997 4393 gravis
1019 4330 1113 4389 neque
1134 4305 1282 4391 prudentis
1303 4310 1421 4369 bominis
1442 4309 1505 4385 dig-

346 4414 466 4473 nitatem
481 4418 627 4475 tueatur.“
667 4417 809 4477 Pondere
821 4419 909 4496 igitur
929 4421 996 4477 suut
1016 4434 1119 4494 graves
1141 4420 1172 4475 et
1190 4432 1309 4492 maguae
1330 4410 1505 4473 auctoritatis

347 4516 416 4590 viri,
451 4523 483 4575 ut
503 4538 549 4596 ap.
572 4519 634 4579 Cic.
656 4522 695 4581 ad
714 4520 801 4579 Attio.
825 4523 888 4599 11,
922 4519 955 4579 6.
977 4525 1005 4578 et
1021 4536 1069 4597 ap.
1091 4517 1179 4596 Salej.
1201 4519 1285 4579 Bass.
1308 4518 1338 4575 iu
1359 4532 1445 4574 carm.
1467 4512 1505 4572 ad
