3450 5334
234 522 276 585 37
342 513 1287 578 couMaNTnRulNHORAT11L13.1.EPIST.SEXT.
1331 512 1395 577 309

233 708 271 767 tis
289 711 341 765 ant
359 703 485 763 liberalis
507 711 557 762 aut
573 711 739 781 temperans
760 704 881 779 eradat,
902 711 934 763 ut
955 710 1032 763 recte
1054 703 1188 763 observat
1211 704 1394 773 Torrentius,

233 811 289 871 sed
309 808 365 867 hoc
385 813 497 867 tantum
518 807 605 864 modo
627 806 843 864 concedendum
863 808 991 882 videtur,
1021 809 1099 884 tangi
1120 809 1149 867 in
1169 806 1213 865 bis
1232 808 1394 865 Stoicorum

234 915 355 991 rigidam
375 909 571 987 disciplinam,
601 910 649 985 qui
669 909 811 968 uelatum
830 910 945 985 quidem
967 928 1091 985 unguem
1111 926 1129 966 a
1150 908 1318 986 placitorum
1346 926 1393 965 se-

234 1017 355 1074 veritate
375 1012 555 1071 discedentes
570 1012 747 1068 incursorum
767 1018 797 1069 et
814 1014 851 1071 de
869 1014 933 1090 jure
948 1010 1014 1069 nibil
1029 1012 1206 1071 remittentes
1221 1012 1394 1089 iniquorum

235 1121 361 1198 speciem
384 1112 525 1194 praebere
545 1111 691 1190 plerisque
711 1114 763 1171 visi
784 1120 862 1172 sunt.
907 1114 954 1173 Cf.
967 1114 1028 1172 Cre.
1040 1134 1085 1192 pr.
1099 1115 1211 1173 Muren.
1226 1114 1278 1175 31.
1291 1120 1322 1171 et
1341 1130 1392 1169 an-

235 1227 335 1280 notata
355 1219 392 1277 ad
415 1221 445 1295 1,
467 1219 497 1293 1,
520 1216 593 1278 106.
636 1216 716 1275 Idem
732 1216 821 1273 sentit
833 1216 1012 1294 Koenigius.
1058 1216 1131 1274 Cum
1150 1217 1203 1275 bac
1221 1218 1392 1293 interpreta-

233 1326 311 1383 tione
332 1322 457 1400 quodam
476 1318 562 1376 modo
584 1318 727 1375 consentit
745 1316 1003 1377 Mitscberlc'obius
1022 1318 1153 1397 (Racem.
1176 1317 1282 1376 Venus.
1304 1316 1391 1374 Fasc.

234 1424 309 1484 VIII.
332 1444 361 1502 p.
376 1420 433 1503 6.),
452 1420 502 1499 qui
518 1420 645 1479 Stoicam
665 1422 705 1479 ait
726 1420 903 1497 disciplinam
923 1420 968 1479 hic
990 1422 1094 1497 notari,
1116 1422 1222 1498 quippe
1244 1438 1317 1497 quae
1335 1420 1391 1476 vir-

234 1534 327 1587 tutem
352 1526 382 1583 in
403 1542 439 1582 eo
460 1523 577 1599 fastigio
599 1520 732 1597 collocet,
752 1522 790 1580 ad
811 1524 890 1599 quod
911 1522 1036 1582 humana
1056 1530 1159 1583 natura
1180 1524 1247 1581 eniti
1268 1528 1393 1598 nequeat

233 1627 374 1704 simulque
401 1622 610 1685 Aristotelicam
637 1626 747 1683 virtutis
777 1621 928 1703 μεσότητα
962 1627 1154 1685 commendari
1183 1624 1336 1683 arbitratur
1362 1624 1391 1681 in

233 1749 298 1789 eam
326 1749 389 1787 rem
418 1726 538 1785 laudans
567 1727 628 1784 Cic.
650 1746 694 1804 pr.
714 1727 827 1787 blaten.
848 1727 901 1790 80.
923 1746 1023 1786 omnes
1047 1730 1170 1786 obtures
1191 1728 1394 1787 maduerimus

232 1830 367 1911 quadam
392 1848 453 1886 esse
479 1826 649 1886 moderatas
658 1870 670 1897 ,
707 1831 752 1887 cui
781 1829 844 1888 loco
871 1831 952 1889 addit
976 1830 1097 1908 Dionys.
1124 1832 1216 1891 Halic.
1239 1830 1273 1889 A.
1299 1830 1336 1889 R.
1360 1830 1392 1905 8,

232 1934 284 1996 61.
303 1952 334 2011 p.
354 1932 429 1995 508.
450 1928 573 2009 (IIuds.)
592 1938 623 1989 et
642 1931 746 1990 Senec.
768 1934 805 1990 de
826 1932 954 1991 Benefic.
978 1937 1017 2012 2,
1045 1936 1096 1997 16.
1141 1934 1303 1993 Habentur
1318 1954 1392 2009 per-

232 2054 376 2093 sonarum
390 2047 420 2093 et
434 2032 593 2112 dr'gnitatis
610 2035 780 2111 proportio:
802 2044 830 2089 et
851 2039 999 2112 quamsit
1013 2036 1123 2115 abipso
1139 2037 1258 2093 structis
1273 2034 1391 2105 modin,

232 2156 328 2215 aeque
344 2149 469 2215 peccat,
496 2136 579 2214 quod
597 2135 730 2207 excedit,
759 2156 853 2216 quam
875 2139 958 2215 quod
980 2139 1089 2214 dificit.
1133 2140 1181 2198 Sic
1207 2140 1269 2197 Sat.
1290 2139 1327 2214 1,
1361 2140 1391 2213 1,

234 2239 311 2302 106.
355 2240 412 2297 Est
432 2238 539 2297 modus
555 2242 589 2297 in
608 2238 697 2299 rebus
718 2248 773 2299 etc.
816 2240 850 2299 In
869 2242 946 2300 illam
963 2264 1034 2319 rem,
1052 2244 1076 2302 si
1096 2245 1161 2319 quis
1179 2240 1391 2320 approbaverit,

232 2341 308 2399 adde
331 2340 442 2400 Gernb.
463 2342 500 2399 ad
523 2343 584 2401 Cic.
606 2341 812 2418 Lael.5,18.
855 2344 950 2403 Beier.
970 2347 1007 2404 ad
1029 2344 1090 2402 Cic.
1111 2344 1198 2403 Oflic.
1224 2347 1260 2421 1,
1280 2344 1316 2419 5,
1337 2340 1389 2404 46.

233 2444 343 2502 chsn.
365 2445 403 2500 ad
427 2443 489 2502 Cic.
509 2442 610 2520 Eclng.
632 2463 663 2522 p.
687 2442 759 2507 194.
786 2452 924 2505 annotata
943 2450 979 2505 ad
1001 2446 1095 2524 Epist.
1124 2450 1161 2524 1,
1186 2450 1222 2523 1,
1253 2449 1304 2511 27.
1325 2442 1391 2521 41,

231 2545 260 2603 in
278 2546 351 2605 hanc
372 2544 499 2605 Scbmid.
519 2546 557 2603 ad
576 2545 670 2623 Epist.
690 2549 727 2625 1,
751 2550 810 2625 18,
837 2550 868 2609 9.
913 2549 1003 2609 Orell.
1022 2549 1059 2607 ad
1078 2548 1141 2607 Cic.
1160 2548 1251 2607 Tusc.
1272 2546 1309 2624 4,
1337 2548 1391 2624 20,

232 2640 287 2707 46.
332 2645 442 2705 Walclr.
471 2648 508 2706 ad
529 2646 624 2707 Tacit.
647 2646 743 2727 Agris.
763 2650 802 2727 4,
840 2653 870 2714 8.
915 2652 1036 2732 Rupert.
1058 2654 1096 2711 ad
1123 2652 1287 2729 Iuventi,
1316 2648 1389 2715 444·

235 2747 374 2807 Valcken.
395 2751 432 2807 ad
452 2748 554 2827 Eurip.
574 2750 693 2828 Hippoi.
716 2750 788 2817 264.

316 2849 352 2909 V.
376 2853 427 2915 17.
451 2853 502 2915 18.
546 2852 668 2910 Irrunc
694 2886 737 2899 -
768 2854 887 2913 colores.
934 2856 1069 2931 „Quodsi
1094 2874 1131 2913 nc
1157 2857 1246 2913 virtus
1276 2854 1390 2929 quidem

232 2952 309 3011 ultra
328 2952 444 3012 modum
464 2957 626 3033 appetenda
646 2961 710 3031 est,
744 2974 812 3015 num
829 2954 926 3014 licebit
946 2964 1097 3035 argentum
1124 2964 1212 3033 atque
1241 2954 1295 3011 alia
1324 2955 1391 3013 talia

232 3057 320 3133 digna
340 3074 459 3115 censere
477 3063 560 3117 mata
579 3056 819 3116 admirationet“
838 3056 948 3118 Dubito
970 3067 1077 3136 autem,
1097 3079 1166 3117 num
1186 3056 1259 3115 hanc
1281 3058 1389 3115 sormu-

233 3159 290 3220 lam
307 3160 380 3220 Hor.
400 3158 530 3218 retulerit
550 3158 635 3219 simul
655 3161 693 3218 ad
713 3179 813 3217 versus
834 3164 946 3238 priores
967 3160 1000 3241 (9
1015 3195 1058 3207 --
1074 3158 1145 3241 16),
1175 3160 1253 3237 quod
1275 3158 1390 3234 quidem

233 3265 365 3340 opinatur
386 3260 528 3319 Orellius.
574 3261 710 3320 Ceterum
726 3270 845 3341 propter
864 3265 984 3323 similem
1005 3282 1131 3337 causam,
1151 3264 1169 3320 i.
1186 3282 1212 3320 e.
1228 3259 1389 3319 libertatem

232 3383 251 3423 a
269 3364 449 3443 philosophia
467 3364 638 3441 profectam,
653 3363 791 3443 Nigrinus
810 3387 857 3445 ap.
875 3366 995 3425 Lucian.
1016 3363 1046 3427 4.
1068 3366 1172 3423 dicitur
1191 3361 1390 3445 καταγελάσαι

231 3470 293 3530 τοῖν
318 3468 449 3551 δημοσίᾳ
470 3463 676 3545 νομιζομένων
698 3462 843 3550 ἀγαθῶν,
879 3461 1013 3531 πλούτου
1035 3466 1087 3530 rol
1116 3462 1207 3546 δόξης
1227 3464 1279 3529 καὶ
1301 3468 1389 3547 βασι-

233 3571 314 3643 7ε1ας
341 3567 394 3631 rol
420 3570 527 3647 τιμῆς,
569 3565 612 3630 ἔτι
635 3590 667 3629 τε
691 3575 804 3650 χρυσοῦ
826 3571 877 3633 sol
898 3564 1059 3650 πορφύρας
1081 3578 1136 3630 etc.
1182 3570 1271 3631 Aliter
1293 3578 1389 3630 autem

233 3674 364 3732 ordinant
390 3671 444 3730 bos
476 3688 577 3729 versus
598 3669 790 3750 Brieglebius
811 3681 841 3733 et
869 3674 1073 3752 Doeriugius,
1109 3694 1229 3751 quorum
1254 3672 1301 3733 ille
1321 3693 1388 3731 sen-

232 3776 350 3834 tentiam
380 3774 435 3833 boc
461 3774 523 3833 sere
548 3775 635 3832 modo
663 3774 783 3833 indicat:
824 3776 985 3853 „Quamvis
1012 3778 1149 3853 pecuniae
1176 3784 1264 3854 atque
1284 3777 1388 3834 artium

234 3874 336 3953 opibus
360 3879 477 3936 studeas
504 3875 545 3953 (v.
575 3875 731 3955 17.18.);
765 3880 894 3952 quamvis
920 3880 1090 3939 auctoritate
1116 3880 1229 3957 publica
1259 3878 1387 3957 gaudeas

233 3976 274 4057 (v.
292 3976 373 4057 19.);
393 3981 521 4055 quamvis
541 3980 658 4056 negotia
678 3980 804 4037 forensia
824 3998 935 4041 summa
954 3984 981 4039 vi
1003 3987 1111 4039 tractes
1129 3980 1170 4059 (v.
1184 3978 1264 4057 20.);
1287 3996 1386 4055 quam-

232 4082 275 4139 vis
291 4077 398 4138 habeas
414 4098 531 4139 uxorem
553 4082 721 4141 ditissimam
738 4080 865 4160 (v.2l.)‚
886 4102 943 4143 uno
965 4083 1064 4160 verbo,
1085 4082 1214 4161 quamvis
1230 4079 1306 4139 bona
1327 4087 1386 4140 ter-

232 4184 336 4239 restria
353 4184 518 4260 possideas:
543 4190 639 4243 tamen
659 4184 742 4262 hujus
757 4186 870 4262 generis
893 4187 987 4245 omnia
1004 4186 1033 4244 ri
1052 4186 1191 4263 temporis
1208 4185 1386 4241 immutatum

169 4354 184 4379 ι
232 4282 267 4340 iri
283 4282 325 4362 (v.
344 4282 395 4347 24.
411 4282 488 4362 Id),
508 4302 543 4341 ac
564 4286 666 4346 saltem
689 4306 754 4344 cum
769 4288 826 4345 rita
844 4290 972 4365 peritura
991 4307 1056 4347 ease
1074 4288 1115 4367 (v.
1132 4285 1172 4351 25
1184 4320 1226 4330 -
1238 4282 1304 4362 27.)
1324 4302 1384 4343 me-

231 4386 363 4445 mento.“
405 4384 444 4445 At
465 4384 535 4444 baec
554 4388 760 4467 interpretandi
778 4390 851 4447 ratio
873 4410 931 4449 non
947 4390 1033 4448 modo
1047 4389 1215 4447 adversatur
1229 4386 1304 4444 omni
1318 4404 1385 4445 sen·

230 4488 382 4545 tentiamm
402 4488 506 4563 ordini,
526 4508 624 4548 verum
644 4491 730 4549 etiam
749 4491 902 4549 formulae:
925 4493 938 4547 i
956 4512 1051 4560 nunc,
1072 4508 1146 4568 quae
1160 4490 1197 4547 ad
1212 4486 1385 4545 anteceden-

230 4587 271 4645 tia
290 4595 324 4649 ut
343 4588 438 4669 Epist.
453 4594 485 4667 2,
500 4593 531 4668 2,
550 4593 600 4655 76.
619 4590 681 4651 fere
701 4593 826 4673 respicit.
871 4594 911 4653 Ut
930 4614 967 4653 ne
987 4592 1060 4653 ullus
1080 4591 1195 4671 quidem
1216 4588 1384 4650 dubitationi
