3450 5334
225 516 268 583 48
330 516 615 579 ΟΟΜΜΕΝΤΔΒΙΙ
634 519 680 579 ΙΝ
699 521 868 583 HORATss
888 521 1143 585 61616661.
1159 523 1273 585 SEXT.
1317 520 1381 585 815

225 703 262 763 11.
284 722 315 782 p.
336 700 411 765 486.
433 704 532 764 docuit
554 705 745 765 Wes’olrertus
761 709 793 767 in
806 708 999 769 commentat.
1021 710 1057 769 de
1075 709 1181 771 Medea
1200 722 1292 771 oestro
1310 730 1384 789 per·

226 807 297 864 citu.
341 804 459 863 Grimae
479 808 572 879 1824.
594 827 625 886 p.
646 812 729 871 7.16
749 830 813 871 eam
831 832 894 873 rem
910 812 1025 872 laudato
1046 810 1140 873 Dione
1154 815 1238 873 Cass.
1255 814 1307 889 53,
1331 816 1382 875 27.

227 906 432 968 celebritatem
452 908 534 987 16666
554 912 693 990 porticus,
717 932 803 991 quam
824 914 943 976 Tacitus
963 916 992 975 in
1012 915 1121 977 Hister.
1147 921 1177 993 1,
1198 918 1250 979 31.
1273 914 1384 995 (ibique

226 1009 373 1089 oberlin.)
389 1014 541 1089 porterum
566 1014 747 1092 {optumum
766 1024 860 1094 vocat,
881 1024 1024 1077 testantur
1044 1019 1108 1078 Juv.
1131 1021 1171 1097 6,
1208 1019 1279 1083 153.
1301 1017 1383 1095 (ibiq.

225 1112 343 1173 Weber.
364 1134 395 1192 p·
418 1114 505 1193 221.)
524 1115 649 1175 Martini.
673 1120 704 1197 2,
727 1116 778 1197 14,
800 1119 831 1183 5.
854 1121 885 1183 6.
908 1119 947 1197 3,
970 1120 1028 1197 20,
1052 1124 1103 1185 11.
1128 1123 1179 1197 11,
1203 1124 1233 1198 1,
1257 1123 1308 1184 11.
1332 1122 1383 1185 12.

226 1214 290 1273 cfr.
310 1213 417 1276 Donat.
440 1218 477 1276 de
502 1218 572 1277 urbe
591 1219 686 1279 Roma
705 1222 743 1299 3,
773 1225 825 1285 17.
867 1220 989 1282 Nardin.
1011 1224 1097 1283 Rom.
1119 1229 1176 1282 vet.
1198 1226 1236 1300 6,
1263 1222 1294 1283 9.
1337 1219 1385 1279 De

226 1318 279 1374 οἱα
300 1318 405 1395 Appi,
425 1319 456 1377 iu
478 1340 537 1398 qua
559 1322 662 1383 divites
684 1322 807 1384 Romani
828 1344 913 1385 curru
931 1324 976 1383 vel
996 1326 1107 1385 mannis
1126 1325 1199 1385 vecti
1218 1324 1326 1403 (Epod.
1351 1317 1384 1399 4,

227 1416 279 1483 14.
323 1421 410 1479 066.
431 1440 466 1481 ex
487 1421 572 1483 Pont
594 1428 632 1501 2,
663 1428 704 1503 7,
735 1423 801 1505 44.)
821 1428 852 1487 16
873 1427 954 1487 villas
974 1428 1136 1508 Campanas
1157 1428 1279 1488 tendere
1309 1426 1386 1487 soliti

225 1530 304 1599 suut,
325 1530 393 1601 post
411 1522 517 1583 Heind.
539 1527 577 1585 ad
599 1528 662 1589 Sat.
686 1531 722 1606 1,
744 1529 781 1606 5,
802 1531 833 1593 6.
855 1538 887 1591 et
906 1532 1014 1592 Sachse
1033 1531 1053 1590 1.
1076 1530 1096 1590 1.
1118 1532 1155 1591 Π.
1176 1552 1207 1610 p.
1232 1528 1292 1594 441
1317 1548 1383 1607 sqq.

224 1628 385 1686 accuratius
406 1629 467 1705 egit
487 1628 639 1689 Beokeruo
655 1636 693 1693 ad
711 1636 789 1697 Gali.
812 1637 835 1696 1.
857 1657 888 1717 p.
911 1636 974 1702 237
990 1654 1056 1713 sqq.
1076 1666 1119 1679 -
1138 1630 1172 1691 V·
1191 1635 1243 1699 27.
1265 1631 1315 1691 Iro
1336 1642 1384 1689 ra-

225 1746 296 1784 meru
313 1735 370 1787 etc.
391 1730 411 1788 1.
433 1748 460 1788 e.
482 1750 662 1794 communem
683 1741 821 1799 moriendi
841 1740 1042 1799 necessitatem
1062 1735 1190 1815 effugere
1211 1737 1312 1812 nequit
1331 1756 1385 1813 po-

224 1830 402 1889 tentissimus
430 1838 461 1890 et
480 1836 603 1911 optimus
625 1839 754 1918 quisque.
798 1842 933 1903 Similiter
954 1842 1062 1901 Ennius
1085 1858 1132 1915 ap.
1155 1841 1237 1899 Fest.
1259 1860 1290 1918 p·
1311 1837 1384 1905 242·

224 1932 272 1991 ed.
293 1930 425 1991 Lindem.
469 1936 637 2015 Postquam
664 1940 784 2001 lomim
808 1946 851 2002 ris
876 1944 972 2003 oculis
1002 1942 1096 2001 bonus
1113 1941 1223 2000 Ancus
1249 1940 1385 2019 reliquit,

224 2054 311 2112 quem
327 2038 471 2131 expressit
490 2036 642 2101 Lucretius
663 2044 701 2120 8,
724 2046 818 2109 1038.
862 2046 911 2104 Cf.
933 2044 1047 2105 Peerik.
1070 2045 1108 2104 ad
1129 2046 1187 2103 Od.
1209 2041 1248 2120 4,
1269 2046 1309 2120 7,
1334 2042 1384 2107 15.

224 2138 312 2197 Torr-
330 2139 368 2197 od
391 2138 450 2197 Od·
473 2143 503 2217 1,
526 2144 578 2219 28,
596 2147 627 2207 7.
670 2146 797 2206 Schmid.
817 2147 855 2205 ad
873 2146 965 2225 Epist.
988 2152 1019 2225 2,
1037 2150 1069 2223 2,
1092 2148 1165 2210 179.
1207 2146 1289 2205 1666
1305 2146 1386 2203 addit

224 2240 262 2299 de
283 2242 368 2300 616611
387 2244 530 2303 sententia
550 2245 679 2306 Gronov.
698 2251 738 2307 ad
757 2251 861 2310 Senec.
884 2251 995 2311 Troad.
1014 2246 1089 2313 406.
1131 2248 1295 2309 Horatianis
1314 2246 1385 2305 locis

222 2363 292 2403 usus
314 2352 360 2403 est
383 2345 499 2405 Hildeb.
522 2348 553 2405 in
572 2346 680 2410 Philus.
700 2370 773 2411 mor.
797 2372 828 2431 p.
851 2352 918 2417 970
938 2361 969 2413 et
989 2352 1082 2430 992„
1111 2357 1144 2411 ut
1168 2350 1227 2412 1.1.
1250 2351 1387 2411 observat

224 2446 455 2525 Peerlkampr'us
463 2491 477 2519 ,
497 2450 550 2508 sed
570 2452 672 2510 vitiose
693 2454 742 2513 ille
762 2455 847 2533 legit:
875 2452 924 2513 Ire
945 2466 1046 2513 tumen
1065 2464 1159 2513 166161
1178 2457 1212 2512 in
1233 2454 1303 2525 νία,
1326 2472 1386 2531 quo

224 2552 344 2610 deversio
365 2561 395 2609 st
411 2550 531 2611 Ancus.
575 2550 619 2611 Ad
640 2554 839 2616 illustrandum
859 2560 959 2618 mortis
982 2556 1223 2636 euphemismum,
1250 2574 1336 2634 quem
1356 2562 1387 2614 et

224 2662 322 2714 servat
344 2652 512 2732 Propertius
536 2655 576 2732 3,
616 2659 655 2720 17
676 2657 761 2738 (16),
799 2662 851 2723 21.
874 2663 927 2725 22.
974 2659 1037 2718 Sed
1056 2671 1156 2717 tumen
1181 2658 1242 2717 huo
1263 2676 1386 2729 omnm

223 2756 423 2835 duoprimas
443 2768 472 2813 et
490 2756 616 2815 ultimus
637 2761 720 2819 ordo.
762 2760 822 2816 Est
843 2760 950 2832 mala,
970 2760 1026 2819 ssd
1045 2762 1160 2819 crunctis
1184 2762 1243 2819 ieta
1265 2758 1387 2818 terenda

224 2862 293 2935 via,
327 2859 511 2930 Seebodius,
540 2859 574 2918 V.
595 2860 661 2936 ct,
682 2862 750 2921 mihi
770 2862 904 2921 indicavit
924 2861 1055 2938 „Catuli
1078 2864 1116 2939 3,
1140 2861 1193 2925 10.
1218 2865 1268 2925 11.
1312 2860 1385 2920 Ρε6.

224 2962 358 3023 Albinov.
378 2962 463 3039 Eieg.
480 2965 551 3027 162.
573 2962 642 3042 ibiq.
657 2962 773 3022 Rulnk.
793 2984 824 3042 p.
842 2966 915 3029 122.
937 2972 968 3023 et
988 2965 1079 3042 ejusd.
1099 2961 1200 3021 dictat.
1222 2963 1253 3021 in
1266 2962 1386 3021 Sueton.

224 3087 255 3146 p.
286 3066 358 3130 119.
400 3064 500 3125 11666.
530 3066 567 3123 66
595 3065 656 3124 Cic.
686 3065 775 3123 Tusa.
807 3068 842 3141 1,
879 3062 931 3127 48.
974 3066 1084 3125 Moser.
1106 3064 1175 3123 ibid.
1203 3063 1228 3122 Ι.
1259 3084 1290 3141 p.
1311 3062 1386 3125 358.

224 3169 327 3228 Heius.
345 3168 383 3225 ad
403 3167 490 3225 066.
512 3165 607 3245 Epist.
631 3170 682 3242 17,
705 3167 801 3231 192.“
841 3166 943 3226 Heius.
966 3176 996 3227 et
1015 3167 1114 3226 Burin.
1135 3166 1173 3223 ad
1195 3164 1314 3225 Petron.
1334 3164 1387 3229 42.

224 3270 318 3330 Aliam
338 3270 440 3327 morus
462 3270 683 3347 descriptionem
703 3268 793 3328 habes
816 3270 875 3329 06.
899 3272 935 3347 1,
972 3270 1012 3347 4,
1051 3272 1102 3333 17.
1124 3268 1193 3346 ibiq.
1216 3267 1333 3327 Mitseh.
1356 3276 1388 3328 et

223 3374 379 3433 Burmann.
404 3374 444 3430 ad
470 3369 588 3431 Petron.
614 3375 667 3434 71.
694 3392 726 3451 p.
755 3368 829 3436 354.
860 3372 901 3432 cf.
930 3379 1059 3433 annotat.
1088 3371 1126 3431 66
1154 3372 1248 3452 Epist.
1281 3374 1318 3447 1,
1355 3372 1387 3445 4,

225 3476 277 3539 18.
301 3471 352 3539 14.

308 3576 343 3634 V.
369 3574 411 3640 28
428 3606 465 3619 -
482 3574 535 3638 31.
581 3574 618 3632 Ss'
637 3575 719 3634 lauro
740 3610 783 3623 -
803 3576 927 3635 &Eous
985 3576 1122 3635 Horatius
1151 3576 1226 3637 redit
1246 3577 1284 3634 66
1311 3592 1388 3633 666-

222 3698 300 3739 mam
324 3678 527 3757 disputationis
548 3678 603 3737 hac
628 3680 745 3755 quidem
765 3681 921 3739 sententia:
955 3679 1010 3757 „si
1027 3680 1101 3739 hanc
1123 3678 1160 3758 [v.
1186 3682 1214 3743 1.
1238 3677 1279 3755 2.]
1315 3676 1389 3734 bene

224 3781 365 3858 beateque
385 3781 498 3840 vivendi
518 3798 647 3840 normam
675 3780 728 3841 tibi
757 3781 956 3858 constitueris,
994 3782 1031 3840 66
1058 3800 1122 3842 eam
1151 3800 1250 3840 omnes
1278 3780 1387 3837 referas

225 3891 342 3963 oportet
357 3885 501 3961 actiones,
532 3883 618 3943 veluti
640 3904 726 3962 quum
747 3890 900 3961 aegrotas,
929 3904 988 3943 non
1007 3902 1042 3944 ea
1062 3886 1189 3945 remedio
1218 3880 1390 3959 negligenda

225 3994 308 4062 sunt,
341 4003 414 4062 quae
442 3994 473 4046 te
503 3988 611 4046 fuciunt
636 4004 746 4045 sanum.
788 3985 830 4045 Et
855 3988 881 4043 si
907 3988 1041 4047 virtutem
1060 3986 1131 4046 11166
1161 3990 1309 4064 praestare
1336 3981 1390 4041 tibi

225 4090 420 4167 persuaseris,
444 4088 475 4147 in
495 4104 559 4147 eam
580 4086 711 4147 omuibus
731 4087 838 4147 viribus
859 4088 1042 4149 incumbes.“
1093 4088 1185 4149 Poeta
1205 4093 1302 4146 autem
1321 4104 1390 4165 per-

225 4192 279 4269 git,
299 4190 331 4247 id
351 4189 428 4268 qnod
448 4188 585 4266 plurimos
605 4190 709 4249 fefellit
728 4194 914 4269 interpretes,
935 4193 966 4250 in
978 4190 1155 4269 imperativis
1183 4189 1249 4265 illis,
1267 4195 1299 4247 ut
1317 4204 1390 4265 quae

225 4297 392 4369 comparate
412 4290 534 4349 dicenda
554 4299 647 4369 eruut,
668 4296 835 4372 praecipere
856 4294 995 4353 videatur.
1040 4293 1100 4351 Sed
1120 4293 1176 4352 hoc
1197 4290 1276 4351 ilium
1296 4290 1386 4368 signi-

224 4394 313 4451 ficare
333 4390 469 4467 voluisse,
489 4395 559 4453 satis
582 4396 753 4474 perspicitur
773 4415 807 4454 ex
825 4395 908 4453 simili
923 4397 952 4454 in
968 4413 1077 4454 summo
1095 4394 1173 4453 bono
1187 4392 1387 4451 constituendo

225 4494 353 4557 clausido
370 4514 398 4553 v.
415 4491 470 4556 47.
490 4490 544 4558 48.
566 4496 617 4558 66.
659 4495 723 4557 Huc
744 4497 856 4557 accedit
876 4496 984 4557 Poetae
1005 4496 1090 4572 ratio,
1113 4514 1180 4573 quo,
1211 4494 1253 4555 uri
1267 4492 1390 4572 Aristip-

223 4617 279 4677 pns
298 4596 437 4677 [Schmid.
458 4596 497 4657 ad
517 4596 612 4678 Epist.
635 4602 667 4676 2,
689 4604 721 4676 2,
744 4598 846 4680 flul,
881 4599 965 4659 animi
987 4598 1140 4660 sanitatem
1162 4618 1226 4659 curn
1262 4594 1391 4677 corporis
