3450 5334
355 541 636 604 commun
656 543 698 603 m
719 543 887 604 HORATII
910 543 1041 625 auter.
1061 545 1170 604 Putat.
1196 547 1317 608 mm
1374 541 1417 607 83

256 711 378 773 habitae
392 711 474 772 dicta
490 731 556 772 essa
573 713 745 792 opinantur.
773 715 866 772 Recte
887 723 991 772 autem
1003 715 1147 773 Decerins
1161 717 1275 776 Poetae
1293 726 1416 775 senten-

257 819 331 876 tiam
346 824 499 895 comparat
513 833 582 874 cnm
597 817 639 876 Μ.
654 817 801 877 Antonini
818 818 882 894 [11‚
896 818 926 879 8.
938 839 969 897 Ρ.
982 815 1056 880 824.
1069 813 1209 894 Gatai.]:
1227 815 1417 898 ὅμοθαμνεῖν

257 917 327 998 μέν,
350 913 392 999 μή
411 915 629 1000 ὄμοδογματεΐν
641 919 683 982 δέ.
726 921 845 980 Similia
864 929 936 977 sunt
955 919 1089 978 Senecae
1113 921 1211 998 Epist.
1229 921 1278 984 83
1299 921 1417 979 Eadem

248 1022 404 1101 fhoiemus
416 1040 493 1100 quae
507 1020 618 1080 ceteri?
645 1021 740 1081 Nihil
749 1025 828 1082 inter
842 1043 897 1079 noa
911 1033 939 1078 et
952 1020 1022 1078 illos
1041 1021 1198 1078 intererit?
1229 1023 1412 1082 Plurimum.

257 1125 428 1183 Discrimina
441 1141 502 1180 ease
516 1143 571 1180 nos
582 1125 675 1204 vulgo
688 1128 779 1196 sciat,
802 1127 856 1204 qui
869 1125 1028 1201 inspexerit
1034 1125 1172 1201 propius.
1201 1123 1245 1184 ld.
1257 1128 1354 1205 Epist.
1362 1129 1416 1190 29.

256 1227 429 1307 Nunquam
440 1223 525 1284 volui
534 1225 649 1303 populo
655 1227 788 1304 plcreere.
813 1227 900 1286 Nam
913 1249 991 1307 quae
1003 1247 1058 1307 ego
1072 1228 1148 1297 eceb,
1168 1247 1228 1284 non
1238 1227 1352 1305 probat
1357 1249 1417 1307 po-

253 1329 366 1408 pulua':
396 1347 475 1410 quaa
494 1327 608 1406 probat
626 1329 775 1408 populus,
804 1351 858 1410 ego
883 1331 992 1389 neceto
1019 1361 1063 1374 --
1098 1328 1175 1406 Quia
1197 1333 1277 1388 enim
1295 1331 1417 1409 plaeere

254 1442 350 1509 potest
361 1430 476 1510 populo
483 1473 496 1501 ,
518 1432 570 1487 eui
581 1430 688 1508 placet
707 1433 824 1491 virtus?
850 1442 909 1491 etc.
955 1429 1131 1491 Selrnridius
1153 1429 1240 1490 affert
1261 1432 1354 1494 eund.
1378 1432 1416 1493 da

256 1533 359 1591 Const.
379 1529 428 1595 14.
449 1553 510 1592 non
527 1535 552 1590 it
565 1531 711 1616 (sopiens)
725 1555 786 1614 qua
798 1535 944 1613 populus.
991 1534 1037 1592 cf.
1052 1531 1091 1591 de
1105 1531 1163 1592 bac
1176 1537 1326 1594 sententia
1339 1538 1417 1596 Paa-

256 1655 321 1694 aov.
344 1636 400 1695 l.l.
421 1638 457 1694 N.
479 1635 530 1698 52
560 1637 702 1698 ceterum
721 1658 783 1696 non
808 1635 1028 1697 contemnenda
1046 1633 1166 1695 ridetur
1191 1640 1246 1697 illa
1270 1641 1416 1719 scriptura

256 1738 336 1796 aem
349 1758 378 1797 v.
393 1740 447 1802 71.
464 1737 625 1816 interprete
645 1741 796 1821 Cruquio:
818 1740 982 1812 „cursim
1001 1738 1083 1796 aluta
1096 1758 1117 1795 a
1128 1739 1243 1817 populo
1256 1750 1287 1797 et
1301 1743 1335 1799 in
1350 1743 1417 1800 ur'to

256 1842 420 1911 communi,
439 1843 519 1898 utin
532 1841 727 1918 opinione?“
748 1844 856 1902 Totius
877 1852 979 1901 autem
1000 1841 1060 1899 loci
1080 1843 1126 1899 ria
1147 1843 1226 1920 fugit
1244 1841 1416 1915 Bauemm,

257 1943 295 2004 de
315 1945 463 2002 latinitate
482 1943 558 2022 frui
572 1947 691 2021 porticu
711 1941 910 2004 dubitantem.
953 1947 1022 2018 „At
1041 1941 1121 2020 sem
1140 1946 1296 2020 porticu‚“
1315 1948 1417 2026 inquit

257 2058 329 2123 „est
342 2047 492 2120 incedere,
507 2046 661 2104 ambulare
677 2046 738 2118 ibi;
761 2057 790 2104 et
798 2047 920 2120 judicio
923 2047 1008 2125 ferri
1025 2055 1072 2102 est
1087 2045 1195 2124 abripi,
1218 2049 1251 2104 in
1263 2058 1416 2106 trmuver-

256 2171 324 2208 sum
337 2152 405 2229 ogi,
417 2148 622 2208 multitudinis
635 2169 755 2206 sensum
768 2151 880 2228 seqrci“
889 2159 946 2206 etc.
967 2150 1029 2206 Noa
1040 2146 1165 2228 quidem
1174 2148 1415 2228 verbosnoendi,

256 2251 339 2334 qnod
350 2254 507 2312 notionem
526 2251 730 2310 delectationis
745 2249 919 2328 adjunctam
938 2249 1046 2325 habat,
1065 2249 1146 2310 nihil
1161 2249 1298 2310 adhunc
1313 2254 1416 2313 locum

256 2353 511 2416 accommodatius
529 2354 717 2412 arbitramur.
755 2355 800 2412 Ita
815 2354 931 2413 Seneca
952 2351 991 2412 de
1007 2355 1067 2412 Vit.
1081 2354 1161 2412 beat.
1187 2356 1236 2418 10.
1265 2356 1311 2412 lis
1326 2354 1416 2414 volu·

251 2469 337 2537 ptote
344 2457 476 2536 fiunis,
498 2477 552 2536 ego
569 2467 646 2514 utor.
672 2456 729 2515 Sil.
745 2457 812 2515 Ital.
827 2457 884 2530 12,
901 2455 974 2518 866.
986 2456 1168 2536 smrttcrque
1181 2457 1287 2514 timore
1295 2477 1416 2535 pavos-

257 2573 321 2620 tusn
329 2603 343 2633 ,
363 2563 385 2620 i.
406 2581 433 2618 e.
457 2557 639 2633 delectatur,
669 2556 709 2616 ad
731 2578 823 2640 quem
845 2560 948 2616 locum
970 2555 1123 2617 Drakenb.
1146 2560 1263 2618 confert
1283 2562 1414 2620 Martini.

255 2668 359 2745 Epigr,
373 2665 404 2739 8,
418 2665 471 2737 30,
485 2663 516 2725 3.
529 2671 559 2719 et
573 2659 730 2720 claudian.
745 2665 778 2719 in
789 2661 890 2720 Rufin.
907 2663 937 2737 1,
951 2663 1025 2725 236.
1054 2663 1125 2720 Alia
1139 2661 1313 2742 suppeditat
1325 2665 1414 2721 Peri·

255 2769 361 2824 eonius
380 2763 420 2824 ad
439 2765 542 2824 Senot.
564 2766 692 2822 Minerv.
708 2767 734 2822 l.
756 2785 786 2843 Ρ.
806 2762 881 2826 881.
904 2761 953 2822 ed.
967 2765 1005 2822 B.
1019 2775 1051 2823 et
1062 2763 1205 2825 Doederl.
1221 2767 1297 2845 Syn.
1313 2768 1366 2825 ΠΙ.
1382 2787 1415 2846 Ρ.

258 2867 329 2932 185.
354 2864 486 2928 Proinde
505 2869 599 2925 etiam
611 2864 731 2940 dubito,
756 2885 833 2924 num
853 2876 933 2924 recte
953 2867 1150 2946 explicaverit
1171 2863 1279 2925 Editor
1297 2869 1415 2927 Horatii

256 2971 423 3030 Zeuniani:
441 2967 671 3047 ,judrbr'a‘asrui
683 2967 816 3025 inactum
830 2986 936 3046 capere
953 2988 995 3026 ex
1004 2969 1134 3027 aliorum
1149 2967 1187 3025 de
1197 2966 1283 3026 nobie
1292 2967 1414 3044 judiciis

256 3093 291 3132 ao
302 3075 463 3132 sententiis
480 3071 519 3131 ad
532 3073 627 3130 vitam
639 3068 861 3128 emendandam
874 3072 940 3128 sive
953 3069 1128 3149 regendam.
1152 3070 1314 3130 Turnebus
1321 3067 1414 3149 (Adr.

256 3177 308 3250 30,
328 3173 391 3255 12.)
413 3184 508 3233 totam
526 3175 708 3232 cernentium
727 3191 744 3230 a
764 3173 871 3251 populi
892 3191 1032 3230 sermone
1051 3170 1173 3232 ductam
1194 3191 1229 3231 ao
1246 3173 1414 3252 profectam

257 3287 367 3336 censet.
388 3279 435 3334 De
445 3274 613 3355 porticibus
627 3287 658 3334 et
672 3275 896 3334 ambulantibus
907 3286 938 3334 et
951 3276 1121 3334 amantibus
1135 3277 1228 3353 gratis
1237 3272 1301 3334 rid.
1308 3277 1413 3335 Burm.

257 3378 296 3439 ad
309 3381 398 3461 Prop.
420 3383 457 3454 2,
476 3380 532 3454 18,
553 3378 605 3442 55.
620 3380 677 3452 28,
698 3380 775 3458 1sq.
799 3375 938 3436 Scbrnid.
950 3375 990 3436 ad
1003 3380 1100 3458 Epist.
1115 3379 1154 3453 6,
1166 3379 1220 3440 26.
1237 3387 1268 3437 et
1282 3380 1413 3459 interpp.

257 3481 296 3542 ad
310 3482 374 3541 Sat.
392 3484 420 3556 1,
434 3479 464 3557 4,
480 3481 551 3545 135.

339 3588 375 3647 V.
399 3580 452 3649 74.
472 3585 525 3648 75.
571 3583 653 3660 Quia
666 3603 714 3641 me
737 3615 780 3628 ·-
796 3593 966 3642 retrorsum.
1011 3580 1130 3643 Eodem
1149 3583 1264 3662 Aesopi
1283 3583 1412 3663 apologo

260 3688 355 3746 utitur
364 3687 453 3747 Plato
465 3688 498 3744 in
510 3683 668 3745 Alcibiade
681 3686 779 3765 priore
791 3681 832 3764 (c.
844 3682 909 3763 18.)
924 3706 956 3765 Ρ.
965 3681 1040 3748 442.
1055 3681 1140 3744 Frlrl.
1149 3703 1158 3761 3
1175 3705 1269 3766 qnare
1279 3686 1412 3760 fuerunt,

257 3792 310 3870 qui
323 3791 450 3850 Potum
465 3787 503 3848 ad
517 3783 735 3869 philosophum
754 3789 923 3867 respexisse
940 3797 1092 3867 putarent.
1133 3785 1246 3861 Quidni
1258 3783 1300 3843 ad
1314 3787 1413 3845 Aeso·

254 3909 330 3970 pum
343 3892 462 3970 ipsrun,
487 3892 534 3949 uti
556 3899 586 3947 et
601 3887 784 3949 Plutarchus
801 3888 977 3948 deProfeot.
994 3893 1098 3952 virtut.
1113 3901 1191 3952 sent.
1203 3889 1255 3950 vl.
1270 3909 1302 3968 p.
1312 3884 1412 3950 2943

254 3993 370 4052 Locum
388 4002 490 4051 autern
508 4012 549 4052 ex
566 3993 683 4052 Lucilio
699 4001 853 4071 sumptum
870 3991 986 4050 indicat
1006 3995 1168 4066 Murena,
1189 4009 1268 4074 quae
1288 3997 1413 4049 senten·

254 4097 296 4154 tia
315 4092 558 4176 al’orphyriona
576 4093 800 4176 quodammodo
823 4095 968 4175 probatur
989 4092 1126 4154 dicente:
1155 4091 1322 4153 Lucrinum
1342 4103 1414 4151 sunt

254 4195 329 4256 Iaces
345 4207 402 4258 etc.
444 4200 556 4258 Lucilii
569 4218 691 4273 versus,
717 4199 770 4279 qui
784 4216 832 4277 ap.
849 4199 982 4257 Nonium
1000 4201 1144 4277 leguntur
1156 4199 1190 4254 in
1203 4195 1294 4254 verbo
1315 4193 1412 4254 dedra-

255 4313 336 4360 ctum
356 4311 387 4360 et
400 4311 546 4380 spectare,
565 4305 609 4361 ita
625 4303 806 4382 compositos
822 4297 949 4358 exbibet
969 4296 1062 4360 editio
1081 4301 1178 4358 Persii
1198 4298 1360 4378 Bipontina
1379 4318 1412 4379 p.

254 4402 335 4468 234:
357 4403 729 4464 Deductatuncvooeleo:
747 4403 850 4462 Cisrtu
860 4399 1412 4480 ipsavmtraNonviehuol--m

259 4507 343 4584 Qru'd
352 4506 414 4566 sibi
424 4505 506 4578 vult,
519 4527 613 4587 quare
613 4507 671 4582 fit,
687 4517 724 4566 ut
736 4508 918 4564 introcunte
924 4513 954 4561 et
965 4503 1011 4562 ad
1020 4514 1048 4561 te
1059 4505 1201 4583 Spectant
1209 4503 1413 4585 atquefmt

256 4612 383 4690 enupsit
389 4629 421 4670 se
431 4611 534 4670 omm'u
541 4607 689 4688 prorsus?
699 4608 745 4667 De
751 4609 826 4688 ipsis
834 4607 972 4667 renibus
977 4607 1143 4668 buciliensis
1151 4607 1412 4686 disputantiam·

231 4702 242 4721 .
1125 4707 1148 4771 6
1168 4706 1183 4738 ,
