3450 5334
200 527 244 591 83
317 522 603 587 COMMENTARH
617 524 664 585 ΙΝ
676 520 844 587 aonam
857 522 933 589 LlB.
943 524 967 585 Ι.
982 522 1107 591 EPIST.
1117 522 1226 587 SEPT.
1291 520 1355 587 ³⁵5

202 713 294 793 sopho
319 713 425 793 dignae
452 713 564 772 minime
594 710 761 771 officiens.“
802 711 896 782 Quam
922 730 983 772 rem
1010 713 1189 790 quambene
1214 714 1357 773 sensisset

205 814 677 893 Weieharoo,hancltpist01am
692 811 844 873 arbitratus
867 818 913 874 est
930 812 972 896 (nn
991 811 1182 891 „Prolusione
1200 815 1222 878 l.
1239 818 1276 875 de
1293 816 1356 877 Ho-

202 920 266 978 ratii
286 918 459 997 Epistolis.“
501 917 618 976 Grimae
640 915 733 981 1826.
753 933 784 994 p·
803 914 871 995 22.)
888 936 923 977 ea
939 922 1034 978 mente
1048 916 1181 991 Jtctam,
1204 925 1237 978 ut
1253 934 1357 996 „quae

204 1027 235 1080 et
253 1020 344 1096 qualis
364 1018 476 1080 Horatii
501 1040 565 1079 cum
582 1020 749 1080 Maecenate
769 1018 946 1079 familiaritas
967 1020 1090 1095 fuisset,
1121 1020 1188 1079 inde
1212 1020 1358 1079 discerent

204 1121 354 1199 aequales,
388 1122 512 1198 alioquin
538 1122 704 1181 inurbanum
729 1124 761 1179 et
780 1120 826 1179 uel
851 1119 1018 1180 inurbanum
1044 1121 1133 1181 fuisse
1153 1122 1286 1201 opinatur
1307 1120 1359 1179 Vir

205 1224 385 1282 doctissimus
403 1221 548 1302 publicare
567 1242 697 1298 comen,
724 1222 755 1280 in
774 1241 830 1299 quo
851 1228 974 1301 patrono
984 1263 995 1300 ,
1019 1222 1145 1300 quamvis
1167 1228 1212 1281 tot
1231 1230 1263 1283 et
1279 1228 1360 1282 tanta

205 1326 233 1384 ei
253 1326 374 1384 deberet
393 1326 469 1384 vitae
491 1328 639 1387 commoda
659 1344 695 1383 ae
716 1323 872 1403 beneficia,
905 1328 1014 1404 justum
1040 1332 1136 1387 tamen
1156 1344 1219 1383 cum
1238 1326 1360 1403 quadam

204 1428 291 1487 animi
310 1428 489 1487 contumacia
508 1430 729 1488 detrectavisset
749 1427 952 1506 obsequium.“
995 1430 1076 1499 Quae
1102 1426 1191 1487 rerba
1217 1446 1267 1486 cur
1287 1426 1359 1486 sori-

204 1534 257 1607 pta
276 1548 343 1588 esse
367 1528 488 1605 nollem,
522 1532 639 1610 exposui
663 1533 692 1591 in
721 1532 815 1592 Jahnii
842 1530 991 1610 „Jahrbb
1017 1532 1039 1591 f.
1061 1530 1133 1590 Phil.
1154 1550 1183 1588 u.
1205 1525 1362 1605 Paedag.“

206 1631 301 1694 1827.
320 1630 345 1690 Ι.
365 1650 396 1709 p.
413 1628 454 1696 92
471 1650 538 1709 sqq.
580 1633 732 1711 Ingeniosa
754 1653 825 1695 saue
849 1633 960 1692 Jahn&
982 1637 1029 1692 est
1056 1633 1221 1710 conjectura
1247 1626 1360 1709 (Nlbb.

206 1732 302 1796 1832.
317 1732 342 1791 Ι.
357 1728 389 1792 4.
410 1751 441 1809 p.
458 1727 559 1812 473.),
581 1754 638 1813 qua
655 1736 728 1797 hanc
740 1735 901 1817 Epistolam
920 1756 978 1795 non
998 1740 1058 1796 tam
1069 1733 1256 1807 Maecenatis,
1278 1748 1363 1810 qnam

205 1833 328 1912 Augusti
349 1852 435 1898 causa
458 1836 596 1915 scriptam
617 1841 759 1918 opinatur.
800 1838 856 1901 Hic
877 1840 952 1899 enim
972 1838 1110 1916 Horatio,
1146 1842 1177 1897 ut
1203 1833 1288 1893 testis
1317 1837 1363 1891 eat

205 1935 338 2013 antiquus
357 1935 406 1995 ille
427 1938 502 1996 ritae
521 1939 697 2001 Horatianae
716 1948 834 2018 auctor,
856 1940 1041 2022 epistolarum
1062 1940 1187 1999 officium
1208 1935 1362 1995 obtuderat.

206 2034 254 2095 Ad
271 2036 326 2096 hoc
343 2056 445 2097 munus
463 2045 497 2097 ut
512 2040 718 2121 honorificum,
744 2045 786 2103 ita
807 2043 916 2103 Poetae
935 2044 1087 2103 molestum
1103 2040 1211 2101 urbane
1228 2056 1364 2098 recusan-

207 2140 274 2199 dum
292 2146 323 2199 et
341 2140 415 2199 hanc
431 2142 515 2218 quasi
534 2162 571 2202 ex
590 2145 749 2223 composito
768 2147 805 2205 ad
825 2146 1022 2205 Maecenatem
1040 2150 1070 2204 et
1087 2146 1212 2203 sonasse
1229 2140 1312 2199 aliam
1326 2140 1364 2199 ad

207 2241 368 2321 Augustum
390 2244 487 2301 datam
516 2262 583 2303 esse
612 2246 764 2325 epistolam
786 2248 942 2307 arbitratur
967 2246 1018 2307 Vir
1046 2246 1240 2306 doctissimus.
1283 2241 1364 2304 Nolo

206 2351 303 2404 autem
323 2344 481 2404 sinceritati
500 2351 532 2404 et
552 2348 669 2406 candori
689 2348 771 2425 hujus
790 2347 940 2428 Epistolae
961 2348 1072 2409 detrahi
1091 2350 1259 2427 quicquam,
1277 2344 1364 2403 imino

205 2450 237 2507 in
254 2466 290 2507 ea
305 2464 391 2525 quam
410 2465 500 2526 supra
516 2450 600 2526 posen
615 2450 804 2529 explicatione
822 2471 858 2509 eo
877 2452 968 2529 magis
988 2452 1156 2529 acquiesco,
1176 2468 1232 2527 quo
1253 2448 1365 2525 impen-

207 2551 267 2609 sius
285 2550 342 2609 hoc
358 2546 460 2608 Musae
479 2551 623 2627 pedestris
642 2570 760 2611 munme
777 2552 886 2629 laetor,
919 2554 997 2632 quod
1016 2571 1068 2612 eos
1091 2550 1259 2610 temeritatis
1279 2556 1366 2625 atque

207 2652 289 2711 anilis
307 2653 464 2730 sapientiae
488 2655 616 2730 incusat,
645 2657 694 2731 qui
714 2655 751 2713 de
771 2653 890 2715 Horatio
915 2656 1062 2715 adulatore
1083 2656 1191 2731 garrire
1211 2671 1270 2711 non
1289 2652 1367 2711 desi-

208 2761 287 2814 nunt.
332 2754 517 2832 Quapropter
543 2755 687 2815 verissime
714 2758 751 2816 de
773 2756 828 2814 bac
849 2760 963 2834 quidem
985 2755 1117 2834 Epistola
1134 2755 1244 2833 judicat
1270 2753 1302 2810 J.
1331 2751 1366 2814 0.

212 2856 352 2936 Scab'ger
371 2853 493 2934 (Poetis.
505 2855 534 2916 6.
548 2876 578 2935 p.
592 2855 693 2936 808),
710 2876 796 2935 quum
813 2857 895 2916 dicit:
914 2860 1064 2936 „Septima
1084 2858 1158 2916 adeo
1177 2855 1292 2933 elegans
1310 2860 1366 2931 est,

208 2961 283 3019 adeo
301 2957 428 3033 urbana,
449 2964 481 3016 nt
496 2959 534 3017 ad
551 2977 603 3017 eas
620 2959 742 3020 vbmtes
761 2960 827 3020 nibil
847 2959 915 3019 addi
934 2977 1023 3037 posse
1039 2957 1202 3019 rideatur.“

295 3112 418 3188 Scripta.
429 3111 541 3170 uidetur
561 3110 693 3191 Epistola
709 3116 829 3171 exeunte
850 3128 949 3170 mense
972 3106 1102 3187 Augusto
1123 3107 1169 3167 vel
1192 3108 1365 3167 ineuntem.

209 3212 372 3292 Septembri
390 3230 415 3270 a.
436 3233 463 3271 u.
483 3233 508 3271 c.
530 3212 604 3276 731.
621 3212 717 3290 Vara,
737 3232 772 3272 eo
788 3214 852 3291 ipso
870 3230 956 3288 anno,
978 3230 1035 3289 quo
1051 3210 1186 3271 Horatius
1205 3208 1296 3269 hieme
1312 3210 1366 3268 ad-

210 3323 345 3377 ventante
361 3314 402 3393 (v.
424 3313 490 3394 11.)
511 3314 620 3374 Veliam
634 3315 681 3374 vel
701 3314 852 3374 Salernum
874 3314 1055 3392 profecturus
1075 3319 1146 3372 erat.
1188 3311 1254 3372 Vid.
1271 3311 1365 3392 Epist.

213 3422 251 3497 1,
274 3416 323 3483 15.
367 3418 446 3477 ldem
467 3417 593 3475 sentiunt
615 3416 789 3476 Scbmr'deiu
810 3423 840 3476 et
866 3414 1042 3474 Groebelias
1061 3418 1099 3475 ad
1123 3416 1152 3474 h.
1170 3413 1209 3491 l.,
1234 3412 1367 3473 Iudaica

209 3524 229 3583 Ι.
248 3522 285 3598 l,
321 3520 490 3579 Massones
509 3516 580 3595 (Vit
596 3518 668 3580 Hor.
692 3541 721 3600 p.
743 3516 841 3597 231),
869 3516 1049 3577 Wec‘clzertua
1069 3516 1165 3599 (Poet
1183 3513 1249 3577 Lat.
1270 3514 1365 3593 Reliq.

210 3645 241 3703 p.
250 3618 349 3702 458),
367 3619 527 3681 Kriclrw.
547 3618 620 3699 (tab.
640 3620 781 3701 chronol.)
802 3628 831 3681 et
852 3620 1004 3679 stantun
1021 3619 1116 3697 (Fast.
1136 3619 1208 3681 Hor.
1230 3640 1260 3699 p.
1270 3614 1368 3698 204.).

210 3723 317 3784 Dubito
336 3731 448 3802 autem,
469 3742 537 3781 num
556 3730 635 3783 recte
654 3724 791 3803 temporis
811 3722 956 3800 ordinem,
977 3743 1034 3803 quo
1053 3730 1172 3800 utraque
1195 3723 1304 3800 scripta
1321 3728 1366 3780 est

210 3826 352 3905 Epistola,
369 3828 521 3886 immutarit
539 3826 736 3898 Soandomca,
757 3843 842 3904 quum
860 3826 902 3883 ita
917 3826 1057 3904 disputat:
1075 3823 1121 3901 „ll
1135 3844 1154 3901 y
1169 3843 1189 3882 a
1204 3841 1367 3902 apparente

212 3926 316 4005 qu'elle
342 3935 387 3988 est
410 3930 447 3987 de
471 3928 542 3989 l’ete
568 3930 604 3988 de
622 3928 704 4005 731,
736 3928 829 4007 quand
849 3925 963 3989 Horace
983 3926 1026 3985 sut
1046 3944 1152 3985 reveno
1173 3925 1210 3983 de
1228 3922 1307 3983 Velie
1329 3942 1367 3982 ou

212 4030 250 4088 de
271 4028 405 4101 Salerne,
427 4031 466 4089 od
486 4032 505 4090 il
522 4033 600 4091 auoit
621 4032 672 4091 ete
685 4031 809 4111 prendre
828 4029 872 4088 les
893 4046 983 4105 eaux,
1001 4026 1072 4087 ainsi
1092 4046 1147 4105 que
1164 4045 1235 4085 noua
1256 4024 1367 4083 l'arons

212 4150 250 4190 vu
279 4132 352 4188 dans
372 4129 485 4208 l'epitre
513 4132 598 4209 Quos
623 4133 663 4193 rit
687 4133 790 4213 Ιιμιιιι
823 4130 968 4192 Veliae.“
1024 4128 1134 4189 Contra
1166 4124 1368 4207 Grotesendus

212 4232 256 4312 (p.
273 4226 347 4296 474.
365 4231 408 4308 a.)
426 4232 586 4313 Epistulam
602 4254 629 4296 a.
645 4233 719 4300 735.
738 4253 838 4297 mense
857 4230 1021 4314 Septembri
1041 4239 1185 4294 exaratam
1204 4228 1367 4290 arbitratur.

297 4386 457 4463 Separatim
490 4386 545 4467 Ep.
578 4390 727 4468 septimam
759 4386 840 4446 breui
868 4386 1051 4447 annotatione
1085 4384 1253 4445 illustratam
1280 4382 1369 4441 edidit

218 4486 396 4593 Groelqelsiss
416 4486 550 4548 Dresdae
572 4490 674 4568 1832,
694 4496 727 4549 at
747 4496 826 4549 esset
846 4486 1015 4567 „Editionis
1034 4485 1144 4548 Horatii
1166 4505 1185 4545 a
1206 4484 1275 4548 Cirr.
1294 4482 1368 4543 Dav.

212 4590 277 4651 Jani
298 4592 389 4652 curari
410 4595 530 4670 coeptae
545 4590 739 4655 abaolvmdae
756 4590 935 4674 specimen.“
977 4587 1162 4755 shffiei
1173 4586 1212 4649 ad
1228 4588 1369 4667 interpre-
