<?xml version="1.0" encoding="UTF-8"?>
<!DOCTYPE html PUBLIC "-//W3C//DTD XHTML 1.0 Transitional//EN"
    "http://www.w3.org/TR/xhtml1/DTD/xhtml1-transitional.dtd">
<html xmlns="http://www.w3.org/1999/xhtml" xml:lang="en" lang="en">
 <head>
  <title>
</title>
<meta http-equiv="Content-Type" content="text/html;charset=utf-8" />
  <meta name='ocr-system' content='tesseract 3.04.00' />
  <meta name='ocr-capabilities' content='ocr_page ocr_carea ocr_par ocr_line ocrx_word'/>
</head>
<body>
  <div class='ocr_page' id='page_1' title='image "./quintihoratiifl01schmgoog_0409.png"; bbox 0 0 3450 5334; ppageno 0'>
   <div class='ocr_carea' id='block_1_1' title="bbox 232 550 1383 627">
    <p class='ocr_par' dir='ltr' id='par_1_1' title="bbox 232 550 1383 627">
     <span class='ocr_line' id='line_1_1' title="bbox 232 550 1383 627; baseline -0.008 0"><span class='ocrx_word' id='word_1_1' title='bbox 232 562 293 627; x_wconf 76' lang='lat'>11³</span> <span class='ocrx_word' id='word_1_2' title='bbox 342 554 637 621; x_wconf 67' lang='lat' dir='ltr'>commu</span> <span class='ocrx_word' id='word_1_3' title='bbox 650 556 695 618; x_wconf 84' lang='grc' dir='ltr'>ΙΝ</span> <span class='ocrx_word' id='word_1_4' title='bbox 708 555 875 621; x_wconf 71' lang='lat' dir='ltr'>nortem</span> <span class='ocrx_word' id='word_1_5' title='bbox 888 556 962 623; x_wconf 89' lang='lat' dir='ltr'><strong>LlB.</strong></span> <span class='ocrx_word' id='word_1_6' title='bbox 979 558 1002 619; x_wconf 87' lang='lat'>1.</span> <span class='ocrx_word' id='word_1_7' title='bbox 1016 554 1140 619; x_wconf 83' lang='lat' dir='ltr'><strong>EPIST.</strong></span> <span class='ocrx_word' id='word_1_8' title='bbox 1150 554 1261 617; x_wconf 79' lang='lat' dir='ltr'>SEPT-</span> <span class='ocrx_word' id='word_1_9' title='bbox 1318 550 1383 619; x_wconf 79' lang='grc'><strong>685</strong></span> 
     </span>
    </p>
   </div>
   <div class='ocr_carea' id='block_1_2' title="bbox 197 742 1393 4811">
    <p class='ocr_par' dir='ltr' id='par_1_2' title="bbox 197 742 1393 4811">
     <span class='ocr_line' id='line_1_2' title="bbox 229 742 1383 824; baseline -0.009 -12"><span class='ocrx_word' id='word_1_10' title='bbox 229 747 280 813; x_wconf 84' lang='lat'>86.</span> <span class='ocrx_word' id='word_1_11' title='bbox 302 747 465 807; x_wconf 77' lang='lat' dir='ltr'>homerum</span> <span class='ocrx_word' id='word_1_12' title='bbox 509 745 598 815; x_wconf 82' lang='lat' dir='ltr'>Quod</span> <span class='ocrx_word' id='word_1_13' title='bbox 625 746 784 806; x_wconf 80' lang='lat' dir='ltr'>reotioaime</span> <span class='ocrx_word' id='word_1_14' title='bbox 811 744 879 805; x_wconf 86' lang='lat' dir='ltr'>olim</span> <span class='ocrx_word' id='word_1_15' title='bbox 908 750 1008 805; x_wconf 83' lang='lat' dir='ltr'>contre</span> <span class='ocrx_word' id='word_1_16' title='bbox 1031 742 1203 824; x_wconf 79' lang='lat' dir='ltr'>Gyrnldnm</span> <span class='ocrx_word' id='word_1_17' title='bbox 1224 752 1255 805; x_wconf 89' lang='lat' dir='ltr'>et</span> <span class='ocrx_word' id='word_1_18' title='bbox 1273 742 1383 803; x_wconf 63' lang='lat' dir='ltr'>Fuere</span> 
     </span>
     <span class='ocr_line' id='line_1_3' title="bbox 231 845 1381 927; baseline -0.003 -19"><span class='ocrx_word' id='word_1_19' title='bbox 231 853 312 909; x_wconf 80' lang='lat' dir='ltr'>oium</span> <span class='ocrx_word' id='word_1_20' title='bbox 332 848 500 921; x_wconf 78' lang='lat' dir='ltr'>observarat</span> <span class='ocrx_word' id='word_1_21' title='bbox 520 852 688 909; x_wconf 79' lang='lat' dir='ltr'>Moeoonuo</span> <span class='ocrx_word' id='word_1_22' title='bbox 705 847 797 927; x_wconf 86' lang='lat' dir='ltr'>(Hor.</span> <span class='ocrx_word' id='word_1_23' title='bbox 818 848 875 907; x_wconf 72' lang='lat' dir='ltr'>Vnt.</span> <span class='ocrx_word' id='word_1_24' title='bbox 898 866 926 925; x_wconf 82' lang='lat' dir='ltr'>p·</span> <span class='ocrx_word' id='word_1_25' title='bbox 948 845 1040 926; x_wconf 85' lang='lat'><strong>13.),</strong></span> <span class='ocrx_word' id='word_1_26' title='bbox 1070 848 1101 905; x_wconf 87' lang='lat' dir='ltr'>id</span> <span class='ocrx_word' id='word_1_27' title='bbox 1119 847 1164 908; x_wconf 87' lang='lat' dir='ltr'>hio</span> <span class='ocrx_word' id='word_1_28' title='bbox 1184 866 1243 907; x_wconf 90' lang='lat' dir='ltr'>non</span> <span class='ocrx_word' id='word_1_29' title='bbox 1262 854 1321 907; x_wconf 90' lang='lat' dir='ltr'>tam</span> <span class='ocrx_word' id='word_1_30' title='bbox 1342 846 1381 905; x_wconf 89' lang='lat' dir='ltr'>ob</span> 
     </span>
     <span class='ocr_line' id='line_1_4' title="bbox 234 948 1383 1031; baseline -0.005 -18"><span class='ocrx_word' id='word_1_31' title='bbox 234 952 540 1031; x_wconf 71' lang='lat' dir='ltr'>deerbowgim,</span> <span class='ocrx_word' id='word_1_32' title='bbox 567 954 654 1030; x_wconf 80' lang='lat' dir='ltr'>nogia</span> <span class='ocrx_word' id='word_1_33' title='bbox 674 952 779 1011; x_wconf 79' lang='lat' dir='ltr'>tatibus</span> <span class='ocrx_word' id='word_1_34' title='bbox 795 948 1019 1011; x_wconf 80' lang='lat' dir='ltr'>Scholiastarum</span> <span class='ocrx_word' id='word_1_35' title='bbox 1040 951 1127 1011; x_wconf 83' lang='lat' dir='ltr'>fidem</span> <span class='ocrx_word' id='word_1_36' title='bbox 1147 952 1195 1029; x_wconf 84' lang='lat' dir='ltr'>qui</span> <span class='ocrx_word' id='word_1_37' title='bbox 1214 948 1318 1025; x_wconf 81' lang='lat' dir='ltr'>habet,</span> <span class='ocrx_word' id='word_1_38' title='bbox 1351 954 1383 1008; x_wconf 85' lang='lat' dir='ltr'>ot</span> 
     </span>
     <span class='ocr_line' id='line_1_5' title="bbox 213 1044 1383 1134; baseline -0.009 -16"><span class='ocrx_word' id='word_1_39' title='bbox 213 1044 259 1118; x_wconf 78' lang='grc' dir='ltr'>Ἰ.</span> <span class='ocrx_word' id='word_1_40' title='bbox 284 1055 329 1116; x_wconf 87' lang='grc' dir='ltr'>Η.</span> <span class='ocrx_word' id='word_1_41' title='bbox 361 1054 502 1113; x_wconf 67' lang='lat' dir='ltr'>Vesorum</span> <span class='ocrx_word' id='word_1_42' title='bbox 521 1054 564 1134; x_wconf 76' lang='lat' dir='ltr'>(m</span> <span class='ocrx_word' id='word_1_43' title='bbox 583 1054 660 1114; x_wconf 75' lang='lat' dir='ltr'>talea</span> <span class='ocrx_word' id='word_1_44' title='bbox 678 1055 753 1115; x_wconf 76' lang='lat' dir='ltr'>illino</span> <span class='ocrx_word' id='word_1_45' title='bbox 781 1054 837 1114; x_wconf 85' lang='lat' dir='ltr'>looi</span> <span class='ocrx_word' id='word_1_46' title='bbox 855 1050 1125 1132; x_wconf 78' lang='lat' dir='ltr'>interpretatione),</span> <span class='ocrx_word' id='word_1_47' title='bbox 1158 1070 1243 1133; x_wconf 88' lang='lat' dir='ltr'>qnam</span> <span class='ocrx_word' id='word_1_48' title='bbox 1271 1051 1309 1109; x_wconf 91' lang='lat' dir='ltr'>ob</span> <span class='ocrx_word' id='word_1_49' title='bbox 1329 1069 1383 1109; x_wconf 87' lang='lat' dir='ltr'>an·</span> 
     </span>
     <span class='ocr_line' id='line_1_6' title="bbox 231 1154 1382 1237; baseline -0.003 -21"><span class='ocrx_word' id='word_1_50' title='bbox 231 1157 396 1216; x_wconf 74' lang='lat' dir='ltr'>ctoritatem</span> <span class='ocrx_word' id='word_1_51' title='bbox 414 1156 466 1216; x_wconf 76' lang='lat' dir='ltr'>viri</span> <span class='ocrx_word' id='word_1_52' title='bbox 484 1159 597 1234; x_wconf 78' lang='lat' dir='ltr'>rammi,</span> <span class='ocrx_word' id='word_1_53' title='bbox 617 1156 668 1217; x_wconf 71' lang='lat' dir='ltr'>m.</span> <span class='ocrx_word' id='word_1_54' title='bbox 684 1155 832 1227; x_wconf 79' lang='lat' dir='ltr'>Jooobeit,</span> <span class='ocrx_word' id='word_1_55' title='bbox 849 1157 893 1237; x_wconf 92' lang='lat' dir='ltr'>(p</span> <span class='ocrx_word' id='word_1_56' title='bbox 911 1155 997 1235; x_wconf 86' lang='grc'>119.)</span> <span class='ocrx_word' id='word_1_57' title='bbox 1012 1158 1199 1234; x_wconf 85' lang='lat' dir='ltr'>repetendum</span> <span class='ocrx_word' id='word_1_58' title='bbox 1216 1154 1382 1213; x_wconf 74' lang='lat' dir='ltr'>existimari.</span> 
     </span>
     <span class='ocr_line' id='line_1_7' title="bbox 313 1250 1384 1337; baseline -0.003 -20"><span class='ocrx_word' id='word_1_59' title='bbox 313 1257 349 1317; x_wconf 88' lang='lat' dir='ltr'>V.</span> <span class='ocrx_word' id='word_1_60' title='bbox 370 1258 415 1321; x_wconf 85' lang='lat'>60</span> <span class='ocrx_word' id='word_1_61' title='bbox 427 1292 464 1303; x_wconf 93' lang='lat'>—</span> <span class='ocrx_word' id='word_1_62' title='bbox 475 1256 528 1321; x_wconf 80' lang='lat'>64.</span> <span class='ocrx_word' id='word_1_63' title='bbox 554 1258 668 1317; x_wconf 65' lang='lat' dir='ltr'>Scituri</span> <span class='ocrx_word' id='word_1_64' title='bbox 686 1292 730 1305; x_wconf 90' lang='lat'><em>-</em></span> <span class='ocrx_word' id='word_1_65' title='bbox 749 1260 859 1318; x_wconf 76' lang='lat' dir='ltr'>horret.</span> <span class='ocrx_word' id='word_1_66' title='bbox 904 1256 1061 1337; x_wconf 75' lang='lat' dir='ltr'>Philippus,</span> <span class='ocrx_word' id='word_1_67' title='bbox 1081 1276 1138 1335; x_wconf 88' lang='lat' dir='ltr'>quo</span> <span class='ocrx_word' id='word_1_68' title='bbox 1161 1256 1214 1315; x_wconf 86' lang='lat' dir='ltr'>fnit</span> <span class='ocrx_word' id='word_1_69' title='bbox 1233 1257 1327 1315; x_wconf 84' lang='lat' dir='ltr'>animo</span> <span class='ocrx_word' id='word_1_70' title='bbox 1344 1250 1384 1314; x_wconf 88' lang='lat' dir='ltr'>ad</span> 
     </span>
     <span class='ocr_line' id='line_1_8' title="bbox 228 1358 1385 1441; baseline -0.003 -20"><span class='ocrx_word' id='word_1_71' title='bbox 228 1361 383 1441; x_wconf 76' lang='lat' dir='ltr'>jocandum</span> <span class='ocrx_word' id='word_1_72' title='bbox 408 1367 562 1440; x_wconf 87' lang='lat' dir='ltr'>prompto,</span> <span class='ocrx_word' id='word_1_73' title='bbox 593 1380 680 1440; x_wconf 84' lang='lat' dir='ltr'>quum</span> <span class='ocrx_word' id='word_1_74' title='bbox 705 1380 741 1421; x_wconf 78' lang='lat' dir='ltr'>ex</span> <span class='ocrx_word' id='word_1_75' title='bbox 760 1360 899 1421; x_wconf 83' lang='lat' dir='ltr'>Demetrii</span> <span class='ocrx_word' id='word_1_76' title='bbox 926 1358 1090 1421; x_wconf 85' lang='lat' dir='ltr'>narratione</span> <span class='ocrx_word' id='word_1_77' title='bbox 1111 1358 1215 1417; x_wconf 87' lang='lat' dir='ltr'>Volteii</span> <span class='ocrx_word' id='word_1_78' title='bbox 1240 1358 1385 1437; x_wconf 73' lang='lat' dir='ltr'>simplices</span> 
     </span>
     <span class='ocr_line' id='line_1_9' title="bbox 230 1460 1384 1541; baseline -0.005 -16"><span class='ocrx_word' id='word_1_79' title='bbox 230 1482 327 1525; x_wconf 81' lang='lat' dir='ltr'>morea</span> <span class='ocrx_word' id='word_1_80' title='bbox 348 1462 557 1540; x_wconf 86' lang='lat' dir='ltr'>oendidnmqne</span> <span class='ocrx_word' id='word_1_81' title='bbox 576 1464 711 1538; x_wconf 73' lang='grc' dir='ltr'>αιιίιιιιιιιι,</span> <span class='ocrx_word' id='word_1_82' title='bbox 732 1480 791 1520; x_wconf 91' lang='lat' dir='ltr'>non</span> <span class='ocrx_word' id='word_1_83' title='bbox 808 1460 1014 1539; x_wconf 85' lang='lat' dir='ltr'>„inhumanum</span> <span class='ocrx_word' id='word_1_84' title='bbox 1034 1461 1228 1541; x_wconf 86' lang='lat' dir='ltr'>praeconem“</span> <span class='ocrx_word' id='word_1_85' title='bbox 1243 1461 1320 1539; x_wconf 72' lang='lat' dir='ltr'>(Cio</span> <span class='ocrx_word' id='word_1_86' title='bbox 1337 1478 1384 1538; x_wconf 90' lang='lat' dir='ltr'>pr.</span> 
     </span>
     <span class='ocr_line' id='line_1_10' title="bbox 230 1562 1385 1645; baseline -0.003 -20"><span class='ocrx_word' id='word_1_87' title='bbox 230 1568 331 1638; x_wconf 81' lang='lat' dir='ltr'>Quint.</span> <span class='ocrx_word' id='word_1_88' title='bbox 358 1566 400 1641; x_wconf 79' lang='lat'>3,</span> <span class='ocrx_word' id='word_1_89' title='bbox 440 1564 507 1643; x_wconf 85' lang='lat'><strong>11.)</strong></span> <span class='ocrx_word' id='word_1_90' title='bbox 532 1568 744 1645; x_wconf 73' lang='lat' dir='ltr'>perspexisset,</span> <span class='ocrx_word' id='word_1_91' title='bbox 782 1563 926 1624; x_wconf 84' lang='lat' dir='ltr'>hominem</span> <span class='ocrx_word' id='word_1_92' title='bbox 950 1566 1068 1641; x_wconf 84' lang='lat' dir='ltr'>antiqua</span> <span class='ocrx_word' id='word_1_93' title='bbox 1095 1566 1199 1625; x_wconf 86' lang='lat' dir='ltr'>virtute</span> <span class='ocrx_word' id='word_1_94' title='bbox 1229 1562 1385 1642; x_wconf 72' lang='lat' dir='ltr'>plebeium,</span> 
     </span>
     <span class='ocr_line' id='line_1_11' title="bbox 231 1666 1387 1747; baseline -0.002 -20"><span class='ocrx_word' id='word_1_95' title='bbox 231 1670 338 1747; x_wconf 86' lang='lat' dir='ltr'>qnippe</span> <span class='ocrx_word' id='word_1_96' title='bbox 359 1669 409 1745; x_wconf 88' lang='lat' dir='ltr'>qui</span> <span class='ocrx_word' id='word_1_97' title='bbox 430 1666 485 1725; x_wconf 78' lang='lat' dir='ltr'>eibi</span> <span class='ocrx_word' id='word_1_98' title='bbox 508 1667 621 1746; x_wconf 81' lang='lat' dir='ltr'>largam</span> <span class='ocrx_word' id='word_1_99' title='bbox 640 1668 714 1746; x_wconf 81' lang='lat' dir='ltr'>jocio</span> <span class='ocrx_word' id='word_1_100' title='bbox 735 1668 884 1727; x_wconf 75' lang='lat' dir='ltr'>materiem</span> <span class='ocrx_word' id='word_1_101' title='bbox 905 1666 1087 1745; x_wconf 83' lang='lat' dir='ltr'>praebiturus</span> <span class='ocrx_word' id='word_1_102' title='bbox 1107 1670 1205 1743; x_wconf 75' lang='lat' dir='ltr'>esset,</span> <span class='ocrx_word' id='word_1_103' title='bbox 1236 1680 1387 1725; x_wconf 77' lang='lat' dir='ltr'>arcessere</span> 
     </span>
     <span class='ocr_line' id='line_1_12' title="bbox 229 1766 1388 1847; baseline -0.005 -18"><span class='ocrx_word' id='word_1_104' title='bbox 229 1772 369 1830; x_wconf 75' lang='lat' dir='ltr'>decrerit.</span> <span class='ocrx_word' id='word_1_105' title='bbox 387 1800 432 1815; x_wconf 88' lang='lat'>-</span> <span class='ocrx_word' id='word_1_106' title='bbox 447 1766 494 1829; x_wconf 86' lang='lat' dir='ltr'>De</span> <span class='ocrx_word' id='word_1_107' title='bbox 512 1769 636 1829; x_wconf 81' lang='lat' dir='ltr'>formula</span> <span class='ocrx_word' id='word_1_108' title='bbox 648 1769 755 1827; x_wconf 65' lang='lat' dir='ltr'>nodari</span> <span class='ocrx_word' id='word_1_109' title='bbox 768 1766 853 1840; x_wconf 81' lang='lat' dir='ltr'>libet,</span> <span class='ocrx_word' id='word_1_110' title='bbox 870 1788 938 1847; x_wconf 85' lang='lat' dir='ltr'>qna,</span> <span class='ocrx_word' id='word_1_111' title='bbox 960 1768 1128 1847; x_wconf 83' lang='lat' dir='ltr'>quidnobis</span> <span class='ocrx_word' id='word_1_112' title='bbox 1146 1768 1243 1827; x_wconf 77' lang='lat' dir='ltr'>facere</span> <span class='ocrx_word' id='word_1_113' title='bbox 1261 1766 1388 1846; x_wconf 83' lang='lat' dir='ltr'>placeat,</span> 
     </span>
     <span class='ocr_line' id='line_1_13' title="bbox 231 1865 1388 1949; baseline -0.006 -15"><span class='ocrx_word' id='word_1_114' title='bbox 231 1874 356 1949; x_wconf 86' lang='lat' dir='ltr'>utimur,</span> <span class='ocrx_word' id='word_1_115' title='bbox 388 1872 460 1932; x_wconf 80' lang='lat' dir='ltr'>dixit</span> <span class='ocrx_word' id='word_1_116' title='bbox 480 1868 597 1931; x_wconf 80' lang='lat' dir='ltr'>Peerlk.</span> <span class='ocrx_word' id='word_1_117' title='bbox 624 1870 663 1931; x_wconf 87' lang='lat' dir='ltr'>ad</span> <span class='ocrx_word' id='word_1_118' title='bbox 684 1871 743 1930; x_wconf 90' lang='grc'><strong>06.</strong></span> <span class='ocrx_word' id='word_1_119' title='bbox 764 1870 803 1947; x_wconf 84' lang='grc'>3,</span> <span class='ocrx_word' id='word_1_120' title='bbox 834 1872 887 1935; x_wconf 90' lang='grc'><strong>26.</strong></span> <span class='ocrx_word' id='word_1_121' title='bbox 912 1892 943 1949; x_wconf 88' lang='lat' dir='ltr'>p.</span> <span class='ocrx_word' id='word_1_122' title='bbox 958 1868 1035 1934; x_wconf 79' lang='lat'><strong>340.</strong></span> <span class='ocrx_word' id='word_1_123' title='bbox 1079 1871 1138 1940; x_wconf 86' lang='lat' dir='ltr'>Qut</span> <span class='ocrx_word' id='word_1_124' title='bbox 1164 1888 1198 1930; x_wconf 83' lang='lat' dir='ltr'>ex</span> <span class='ocrx_word' id='word_1_125' title='bbox 1226 1868 1271 1928; x_wconf 84' lang='lat' dir='ltr'>his</span> <span class='ocrx_word' id='word_1_126' title='bbox 1291 1865 1388 1927; x_wconf 80' lang='lat' dir='ltr'>verbis</span> 
     </span>
     <span class='ocr_line' id='line_1_14' title="bbox 230 1970 1388 2052; baseline -0.004 -17"><span class='ocrx_word' id='word_1_127' title='bbox 230 1984 391 2052; x_wconf 79' lang='lat' dir='ltr'>tonsorem,</span> <span class='ocrx_word' id='word_1_128' title='bbox 412 1992 473 2033; x_wconf 90' lang='lat' dir='ltr'>non</span> <span class='ocrx_word' id='word_1_129' title='bbox 489 1973 607 2033; x_wconf 77' lang='lat' dir='ltr'>Menam</span> <span class='ocrx_word' id='word_1_130' title='bbox 627 1975 722 2051; x_wconf 84' lang='lat' dir='ltr'>ipenm</span> <span class='ocrx_word' id='word_1_131' title='bbox 736 1974 944 2051; x_wconf 82' lang='lat' dir='ltr'>interrogatum</span> <span class='ocrx_word' id='word_1_132' title='bbox 964 1992 1029 2032; x_wconf 82' lang='lat' dir='ltr'>esse</span> <span class='ocrx_word' id='word_1_133' title='bbox 1050 1992 1077 2032; x_wconf 89' lang='lat' dir='ltr'>r.</span> <span class='ocrx_word' id='word_1_134' title='bbox 1100 1973 1152 2038; x_wconf 89' lang='grc'><strong>62.</strong></span> <span class='ocrx_word' id='word_1_135' title='bbox 1174 1970 1314 2047; x_wconf 79' lang='lat' dir='ltr'>efficiunt,</span> <span class='ocrx_word' id='word_1_136' title='bbox 1334 1988 1388 2030; x_wconf 84' lang='lat' dir='ltr'>eoe</span> 
     </span>
     <span class='ocr_line' id='line_1_15' title="bbox 229 2070 1388 2153; baseline -0.008 -15"><span class='ocrx_word' id='word_1_137' title='bbox 229 2078 308 2138; x_wconf 80' lang='lat' dir='ltr'>failit</span> <span class='ocrx_word' id='word_1_138' title='bbox 328 2076 489 2152; x_wconf 76' lang='lat' dir='ltr'>sententia,</span> <span class='ocrx_word' id='word_1_139' title='bbox 522 2083 680 2153; x_wconf 79' lang='lat' dir='ltr'>quaeest:</span> <span class='ocrx_word' id='word_1_140' title='bbox 709 2072 799 2151; x_wconf 85' lang='lat' dir='ltr'>„non</span> <span class='ocrx_word' id='word_1_141' title='bbox 819 2074 888 2134; x_wconf 85' lang='lat' dir='ltr'>mihi</span> <span class='ocrx_word' id='word_1_142' title='bbox 908 2076 979 2134; x_wconf 79' lang='lat' dir='ltr'>eatis</span> <span class='ocrx_word' id='word_1_143' title='bbox 1000 2080 1047 2133; x_wconf 78' lang='lat' dir='ltr'>eet</span> <span class='ocrx_word' id='word_1_144' title='bbox 1066 2094 1101 2133; x_wconf 85' lang='lat' dir='ltr'>er</span> <span class='ocrx_word' id='word_1_145' title='bbox 1121 2080 1153 2132; x_wconf 89' lang='lat' dir='ltr'>te</span> <span class='ocrx_word' id='word_1_146' title='bbox 1172 2074 1287 2148; x_wconf 86' lang='lat' dir='ltr'>audire,</span> <span class='ocrx_word' id='word_1_147' title='bbox 1322 2070 1388 2131; x_wconf 91' lang='lat' dir='ltr'>rolo</span> 
     </span>
     <span class='ocr_line' id='line_1_16' title="bbox 232 2175 1390 2260; baseline -0.006 -21"><span class='ocrx_word' id='word_1_148' title='bbox 232 2200 268 2241; x_wconf 85' lang='lat' dir='ltr'>ex</span> <span class='ocrx_word' id='word_1_149' title='bbox 292 2181 359 2259; x_wconf 81' lang='lat' dir='ltr'>ipso</span> <span class='ocrx_word' id='word_1_150' title='bbox 384 2178 473 2238; x_wconf 83' lang='lat' dir='ltr'>Mena</span> <span class='ocrx_word' id='word_1_151' title='bbox 500 2178 679 2254; x_wconf 83' lang='lat' dir='ltr'>quaerere.“</span> <span class='ocrx_word' id='word_1_152' title='bbox 720 2178 771 2237; x_wconf 77' lang='lat' dir='ltr'>Sic</span> <span class='ocrx_word' id='word_1_153' title='bbox 790 2179 887 2260; x_wconf 55' lang='lat' dir='ltr'>,etiam</span> <span class='ocrx_word' id='word_1_154' title='bbox 910 2175 1078 2237; x_wconf 71' lang='lat' dir='ltr'>Lambinus·</span> <span class='ocrx_word' id='word_1_155' title='bbox 1122 2176 1168 2237; x_wconf 86' lang='lat' dir='ltr'>De</span> <span class='ocrx_word' id='word_1_156' title='bbox 1190 2184 1309 2237; x_wconf 82' lang='lat' dir='ltr'>tonsore</span> <span class='ocrx_word' id='word_1_157' title='bbox 1334 2192 1390 2235; x_wconf 84' lang='lat' dir='ltr'>neo</span> 
     </span>
     <span class='ocr_line' id='line_1_17' title="bbox 233 2272 1391 2359; baseline -0.004 -18"><span class='ocrx_word' id='word_1_158' title='bbox 233 2281 316 2358; x_wconf 80' lang='lat' dir='ltr'>vola,</span> <span class='ocrx_word' id='word_1_159' title='bbox 340 2298 396 2341; x_wconf 87' lang='lat' dir='ltr'>neo</span> <span class='ocrx_word' id='word_1_160' title='bbox 416 2280 580 2358; x_wconf 70' lang='lat' dir='ltr'>vestigium.</span> <span class='ocrx_word' id='word_1_161' title='bbox 602 2313 646 2328; x_wconf 88' lang='lat'><em>-</em></span> <span class='ocrx_word' id='word_1_162' title='bbox 661 2277 697 2337; x_wconf 88' lang='lat' dir='ltr'>V.</span> <span class='ocrx_word' id='word_1_163' title='bbox 720 2282 773 2343; x_wconf 87' lang='lat'>61.</span> <span class='ocrx_word' id='word_1_164' title='bbox 802 2300 862 2339; x_wconf 83' lang='lat' dir='ltr'>non</span> <span class='ocrx_word' id='word_1_165' title='bbox 878 2298 971 2351; x_wconf 80' lang='lat' dir='ltr'>eone,</span> <span class='ocrx_word' id='word_1_166' title='bbox 999 2273 1037 2343; x_wconf 74' lang='lat' dir='ltr'>od</span> <span class='ocrx_word' id='word_1_167' title='bbox 1058 2274 1158 2354; x_wconf 78' lang='grc' dir='ltr'>πάνυ,</span> <span class='ocrx_word' id='word_1_168' title='bbox 1180 2272 1218 2341; x_wconf 85' lang='lat' dir='ltr'>oo’</span> <span class='ocrx_word' id='word_1_169' title='bbox 1237 2272 1335 2359; x_wconf 78' lang='grc' dir='ltr'>μάλα,</span> <span class='ocrx_word' id='word_1_170' title='bbox 1356 2282 1391 2337; x_wconf 88' lang='lat' dir='ltr'>nt</span> 
     </span>
     <span class='ocr_line' id='line_1_18' title="bbox 234 2380 1391 2459; baseline -0.007 -14"><span class='ocrx_word' id='word_1_171' title='bbox 234 2385 299 2445; x_wconf 72' lang='lat' dir='ltr'>cre.</span> <span class='ocrx_word' id='word_1_172' title='bbox 317 2385 355 2443; x_wconf 90' lang='lat' dir='ltr'>de</span> <span class='ocrx_word' id='word_1_173' title='bbox 377 2382 462 2441; x_wconf 78' lang='lat' dir='ltr'>Orat.</span> <span class='ocrx_word' id='word_1_174' title='bbox 485 2384 516 2459; x_wconf 84' lang='lat'>1,</span> <span class='ocrx_word' id='word_1_175' title='bbox 535 2385 568 2459; x_wconf 81' lang='lat'>2,</span> <span class='ocrx_word' id='word_1_176' title='bbox 589 2380 622 2445; x_wconf 77' lang='grc'>4.</span> <span class='ocrx_word' id='word_1_177' title='bbox 644 2400 707 2439; x_wconf 83' lang='lat' dir='ltr'>non</span> <span class='ocrx_word' id='word_1_178' title='bbox 725 2402 800 2441; x_wconf 80' lang='lat' dir='ltr'>eam</span> <span class='ocrx_word' id='word_1_179' title='bbox 819 2383 896 2440; x_wconf 67' lang='grc' dir='ltr'>σαίἰε</span> <span class='ocrx_word' id='word_1_180' title='bbox 915 2380 1068 2439; x_wconf 77' lang='lat' dir='ltr'>intellecta</span> <span class='ocrx_word' id='word_1_181' title='bbox 1087 2380 1262 2440; x_wconf 79' lang='lat' dir='ltr'>recordatio.</span> <span class='ocrx_word' id='word_1_182' title='bbox 1294 2382 1391 2449; x_wconf 86' lang='lat' dir='ltr'>Quam</span> 
     </span>
     <span class='ocr_line' id='line_1_19' title="bbox 234 2480 1390 2561; baseline -0.004 -17"><span class='ocrx_word' id='word_1_183' title='bbox 234 2482 439 2559; x_wconf 73' lang='lat' dir='ltr'>Heirrdorfluo</span> <span class='ocrx_word' id='word_1_184' title='bbox 457 2484 496 2543; x_wconf 84' lang='lat' dir='ltr'>ad</span> <span class='ocrx_word' id='word_1_185' title='bbox 522 2483 586 2542; x_wconf 77' lang='lat' dir='ltr'>Sat.</span> <span class='ocrx_word' id='word_1_186' title='bbox 608 2486 645 2560; x_wconf 83' lang='lat'>2,</span> <span class='ocrx_word' id='word_1_187' title='bbox 666 2484 706 2558; x_wconf 81' lang='grc'>3,</span> <span class='ocrx_word' id='word_1_188' title='bbox 729 2483 801 2546; x_wconf 84' lang='grc'>138.</span> <span class='ocrx_word' id='word_1_189' title='bbox 822 2482 889 2542; x_wconf 83' lang='lat' dir='ltr'>hnic</span> <span class='ocrx_word' id='word_1_190' title='bbox 910 2481 1064 2560; x_wconf 83' lang='lat' dir='ltr'>formulae,</span> <span class='ocrx_word' id='word_1_191' title='bbox 1092 2481 1176 2561; x_wconf 81' lang='lat' dir='ltr'>hujus</span> <span class='ocrx_word' id='word_1_192' title='bbox 1197 2484 1313 2561; x_wconf 88' lang='lat' dir='ltr'>quidem</span> <span class='ocrx_word' id='word_1_193' title='bbox 1332 2480 1390 2539; x_wconf 87' lang='lat' dir='ltr'>ioci</span> 
     </span>
     <span class='ocr_line' id='line_1_20' title="bbox 233 2582 1391 2666; baseline -0.009 -17"><span class='ocrx_word' id='word_1_194' title='bbox 233 2604 363 2663; x_wconf 84' lang='lat' dir='ltr'>memor,</span> <span class='ocrx_word' id='word_1_195' title='bbox 383 2582 486 2645; x_wconf 82' lang='lat' dir='ltr'>tribuit</span> <span class='ocrx_word' id='word_1_196' title='bbox 504 2585 758 2664; x_wconf 77' lang='lat' dir='ltr'>significationem:</span> <span class='ocrx_word' id='word_1_197' title='bbox 793 2584 922 2663; x_wconf 77' lang='lat' dir='ltr'>„plane</span> <span class='ocrx_word' id='word_1_198' title='bbox 936 2606 997 2643; x_wconf 83' lang='lat' dir='ltr'>non</span> <span class='ocrx_word' id='word_1_199' title='bbox 1004 2592 1052 2658; x_wconf 86' lang='lat'>,“</span> <span class='ocrx_word' id='word_1_200' title='bbox 1080 2585 1196 2666; x_wconf 86' lang='lat' dir='ltr'>proprie</span> <span class='ocrx_word' id='word_1_201' title='bbox 1216 2582 1391 2659; x_wconf 85' lang='lat' dir='ltr'>nonhabet,</span> 
     </span>
     <span class='ocr_line' id='line_1_21' title="bbox 234 2682 1390 2768; baseline -0.006 -18"><span class='ocrx_word' id='word_1_202' title='bbox 234 2693 288 2750; x_wconf 80' lang='lat' dir='ltr'>red</span> <span class='ocrx_word' id='word_1_203' title='bbox 308 2708 362 2768; x_wconf 86' lang='lat' dir='ltr'>per</span> <span class='ocrx_word' id='word_1_204' title='bbox 382 2688 527 2765; x_wconf 82' lang='lat' dir='ltr'>quandam</span> <span class='ocrx_word' id='word_1_205' title='bbox 547 2688 755 2747; x_wconf 83' lang='lat' dir='ltr'>contrariorum</span> <span class='ocrx_word' id='word_1_206' title='bbox 774 2687 832 2748; x_wconf 85' lang='lat' dir='ltr'>rim</span> <span class='ocrx_word' id='word_1_207' title='bbox 846 2682 991 2748; x_wconf 88' lang='lat' dir='ltr'>interdum</span> <span class='ocrx_word' id='word_1_208' title='bbox 1007 2687 1138 2765; x_wconf 86' lang='lat' dir='ltr'>accipere</span> <span class='ocrx_word' id='word_1_209' title='bbox 1158 2686 1281 2746; x_wconf 85' lang='lat' dir='ltr'>videtur.</span> <span class='ocrx_word' id='word_1_210' title='bbox 1323 2683 1390 2745; x_wconf 77' lang='lat' dir='ltr'>Hoc</span> 
     </span>
     <span class='ocr_line' id='line_1_22' title="bbox 233 2786 1391 2871; baseline -0.004 -20"><span class='ocrx_word' id='word_1_211' title='bbox 233 2792 322 2871; x_wconf 82' lang='lat' dir='ltr'>igitur</span> <span class='ocrx_word' id='word_1_212' title='bbox 345 2790 428 2848; x_wconf 82' lang='lat' dir='ltr'>ioco:</span> <span class='ocrx_word' id='word_1_213' title='bbox 460 2787 544 2864; x_wconf 83' lang='lat' dir='ltr'>„er</span> <span class='ocrx_word' id='word_1_214' title='bbox 562 2788 652 2849; x_wconf 87' lang='lat' dir='ltr'>fidem</span> <span class='ocrx_word' id='word_1_215' title='bbox 675 2786 813 2864; x_wconf 84' lang='lat' dir='ltr'>habet,“</span> <span class='ocrx_word' id='word_1_216' title='bbox 838 2789 885 2847; x_wconf 86' lang='lat' dir='ltr'>rel</span> <span class='ocrx_word' id='word_1_217' title='bbox 913 2788 1057 2866; x_wconf 87' lang='lat' dir='ltr'>„dubitat</span> <span class='ocrx_word' id='word_1_218' title='bbox 1076 2788 1204 2850; x_wconf 84' lang='lat' dir='ltr'>Mena.“</span> <span class='ocrx_word' id='word_1_219' title='bbox 1245 2788 1295 2846; x_wconf 88' lang='lat' dir='ltr'>Sic</span> <span class='ocrx_word' id='word_1_220' title='bbox 1316 2786 1391 2846; x_wconf 86' lang='lat' dir='ltr'>bene</span> 
     </span>
     <span class='ocr_line' id='line_1_23' title="bbox 234 2888 1390 2966; baseline -0.006 -12"><span class='ocrx_word' id='word_1_221' title='bbox 234 2890 399 2955; x_wconf 74' lang='lat' dir='ltr'>Grimlrer:</span> <span class='ocrx_word' id='word_1_222' title='bbox 421 2888 534 2966; x_wconf 80' lang='lat' dir='ltr'>„Nioht</span> <span class='ocrx_word' id='word_1_223' title='bbox 551 2893 614 2949; x_wconf 84' lang='lat' dir='ltr'>rect</span> <span class='ocrx_word' id='word_1_224' title='bbox 627 2894 706 2949; x_wconf 71' lang='lat' dir='ltr'>nant</span> <span class='ocrx_word' id='word_1_225' title='bbox 724 2890 812 2950; x_wconf 77' lang='lat' dir='ltr'>Mena</span> <span class='ocrx_word' id='word_1_226' title='bbox 830 2891 889 2951; x_wconf 88' lang='lat' dir='ltr'>den</span> <span class='ocrx_word' id='word_1_227' title='bbox 908 2890 1063 2952; x_wconf 86' lang='lat' dir='ltr'>Worten.“</span> <span class='ocrx_word' id='word_1_228' title='bbox 1104 2890 1242 2951; x_wconf 84' lang='lat' dir='ltr'>Similiter</span> <span class='ocrx_word' id='word_1_229' title='bbox 1255 2891 1286 2955; x_wconf 85' lang='lat' dir='ltr'>J.</span> <span class='ocrx_word' id='word_1_230' title='bbox 1302 2892 1390 2948; x_wconf 56' lang='lat' dir='ltr'>Mera·</span> 
     </span>
     <span class='ocr_line' id='line_1_24' title="bbox 235 2988 1390 3071; baseline 0 -16"><span class='ocrx_word' id='word_1_231' title='bbox 235 2996 293 3061; x_wconf 68' lang='lat' dir='ltr'>tol.</span> <span class='ocrx_word' id='word_1_232' title='bbox 314 2992 380 3053; x_wconf 81' lang='lat' dir='ltr'>vid.</span> <span class='ocrx_word' id='word_1_233' title='bbox 402 2990 546 3049; x_wconf 82' lang='lat' dir='ltr'>Goerenz.</span> <span class='ocrx_word' id='word_1_234' title='bbox 566 2997 598 3048; x_wconf 84' lang='lat' dir='ltr'>et</span> <span class='ocrx_word' id='word_1_235' title='bbox 618 2988 692 3049; x_wconf 86' lang='lat' dir='ltr'>Otto</span> <span class='ocrx_word' id='word_1_236' title='bbox 712 2992 751 3049; x_wconf 86' lang='lat' dir='ltr'>ad</span> <span class='ocrx_word' id='word_1_237' title='bbox 770 2992 833 3051; x_wconf 75' lang='lat' dir='ltr'>cte.</span> <span class='ocrx_word' id='word_1_238' title='bbox 851 2994 891 3053; x_wconf 86' lang='lat' dir='ltr'>de</span> <span class='ocrx_word' id='word_1_239' title='bbox 911 2992 975 3053; x_wconf 83' lang='lat' dir='ltr'>Fin.</span> <span class='ocrx_word' id='word_1_240' title='bbox 993 2996 1033 3071; x_wconf 84' lang='lat'>2,</span> <span class='ocrx_word' id='word_1_241' title='bbox 1060 2994 1118 3071; x_wconf 84' lang='lat'>13,</span> <span class='ocrx_word' id='word_1_242' title='bbox 1140 2992 1192 3057; x_wconf 79' lang='lat'>43.</span> <span class='ocrx_word' id='word_1_243' title='bbox 1235 2994 1330 3053; x_wconf 85' lang='lat' dir='ltr'>Beier.</span> <span class='ocrx_word' id='word_1_244' title='bbox 1351 2994 1390 3055; x_wconf 87' lang='lat' dir='ltr'>ad</span> 
     </span>
     <span class='ocr_line' id='line_1_25' title="bbox 235 3088 1391 3173; baseline -0.002 -16"><span class='ocrx_word' id='word_1_245' title='bbox 235 3098 299 3157; x_wconf 67' lang='lat' dir='ltr'><strong>(fic.</strong></span> <span class='ocrx_word' id='word_1_246' title='bbox 321 3093 410 3153; x_wconf 84' lang='lat' dir='ltr'>Offio.</span> <span class='ocrx_word' id='word_1_247' title='bbox 432 3093 473 3168; x_wconf 81' lang='grc'>3,</span> <span class='ocrx_word' id='word_1_248' title='bbox 495 3092 555 3171; x_wconf 91' lang='grc'>10,</span> <span class='ocrx_word' id='word_1_249' title='bbox 575 3088 631 3153; x_wconf 79' lang='lat'>41.</span> <span class='ocrx_word' id='word_1_250' title='bbox 673 3091 800 3171; x_wconf 76' lang='lat' dir='ltr'>Herzog.</span> <span class='ocrx_word' id='word_1_251' title='bbox 820 3095 860 3153; x_wconf 85' lang='lat' dir='ltr'>ad</span> <span class='ocrx_word' id='word_1_252' title='bbox 881 3094 953 3154; x_wconf 86' lang='lat' dir='ltr'><strong>Sall.</strong></span> <span class='ocrx_word' id='word_1_253' title='bbox 971 3095 1037 3156; x_wconf 86' lang='lat' dir='ltr'>Cat.</span> <span class='ocrx_word' id='word_1_254' title='bbox 1060 3094 1123 3173; x_wconf 86' lang='grc'>37,</span> <span class='ocrx_word' id='word_1_255' title='bbox 1145 3095 1176 3157; x_wconf 88' lang='grc'>9.</span> <span class='ocrx_word' id='word_1_256' title='bbox 1219 3094 1328 3155; x_wconf 84' lang='lat' dir='ltr'>Gernh.</span> <span class='ocrx_word' id='word_1_257' title='bbox 1352 3094 1391 3155; x_wconf 85' lang='lat' dir='ltr'>od</span> 
     </span>
     <span class='ocr_line' id='line_1_26' title="bbox 197 3190 1391 3285; baseline 0.001 -27"><span class='ocrx_word' id='word_1_258' title='bbox 197 3276 200 3285; x_wconf 33' lang='grc' dir='ltr'>Ι</span> <span class='ocrx_word' id='word_1_259' title='bbox 235 3198 300 3258; x_wconf 81' lang='lat' dir='ltr'>Cio.</span> <span class='ocrx_word' id='word_1_260' title='bbox 323 3195 390 3254; x_wconf 87' lang='lat' dir='ltr'>Cat.</span> <span class='ocrx_word' id='word_1_261' title='bbox 417 3193 486 3271; x_wconf 81' lang='lat' dir='ltr'>maj.</span> <span class='ocrx_word' id='word_1_262' title='bbox 512 3212 545 3273; x_wconf 87' lang='lat' dir='ltr'>p.</span> <span class='ocrx_word' id='word_1_263' title='bbox 568 3190 641 3255; x_wconf 80' lang='lat'><strong>16⁹.</strong></span> <span class='ocrx_word' id='word_1_264' title='bbox 681 3192 790 3256; x_wconf 77' lang='lat' dir='ltr'>Blater.</span> <span class='ocrx_word' id='word_1_265' title='bbox 813 3196 853 3257; x_wconf 86' lang='lat' dir='ltr'>ad</span> <span class='ocrx_word' id='word_1_266' title='bbox 878 3193 998 3259; x_wconf 87' lang='lat' dir='ltr'>Lnoian.</span> <span class='ocrx_word' id='word_1_267' title='bbox 1021 3197 1107 3258; x_wconf 84' lang='lat' dir='ltr'>Char.</span> <span class='ocrx_word' id='word_1_268' title='bbox 1129 3200 1158 3261; x_wconf 92' lang='lat'>1.</span> <span class='ocrx_word' id='word_1_269' title='bbox 1187 3218 1218 3277; x_wconf 85' lang='lat' dir='ltr'>p.</span> <span class='ocrx_word' id='word_1_270' title='bbox 1239 3198 1271 3260; x_wconf 81' lang='grc'>8.</span> <span class='ocrx_word' id='word_1_271' title='bbox 1316 3198 1391 3259; x_wconf 77' lang='lat' dir='ltr'>cmo</span> 
     </span>
     <span class='ocr_line' id='line_1_27' title="bbox 234 3292 1391 3366; baseline 0.003 -11"><span class='ocrx_word' id='word_1_272' title='bbox 234 3296 407 3365; x_wconf 70' lang='lat' dir='ltr'>Rdndortio</span> <span class='ocrx_word' id='word_1_273' title='bbox 424 3300 523 3356; x_wconf 74' lang='lat' dir='ltr'>natm</span> <span class='ocrx_word' id='word_1_274' title='bbox 539 3294 649 3354; x_wconf 79' lang='lat' dir='ltr'>saciant</span> <span class='ocrx_word' id='word_1_275' title='bbox 662 3294 826 3357; x_wconf 79' lang='lat' dir='ltr'>Hocheder.</span> <span class='ocrx_word' id='word_1_276' title='bbox 846 3296 894 3357; x_wconf 74' lang='lat' dir='ltr'>nc</span> <span class='ocrx_word' id='word_1_277' title='bbox 915 3298 998 3360; x_wconf 82' lang='lat' dir='ltr'>etad</span> <span class='ocrx_word' id='word_1_278' title='bbox 1012 3297 1049 3361; x_wconf 82' lang='grc' dir='ltr'>Δ.</span> <span class='ocrx_word' id='word_1_279' title='bbox 1064 3299 1099 3361; x_wconf 89' lang='grc' dir='ltr'>Ρ.</span> <span class='ocrx_word' id='word_1_280' title='bbox 1115 3301 1189 3366; x_wconf 88' lang='grc'><strong>206.</strong></span> <span class='ocrx_word' id='word_1_281' title='bbox 1231 3295 1330 3361; x_wconf 86' lang='lat' dir='ltr'>Peter.</span> <span class='ocrx_word' id='word_1_282' title='bbox 1350 3292 1391 3359; x_wconf 87' lang='lat' dir='ltr'>ad</span> 
     </span>
     <span class='ocr_line' id='line_1_28' title="bbox 235 3395 1389 3481; baseline -0.002 -18"><span class='ocrx_word' id='word_1_283' title='bbox 235 3404 300 3463; x_wconf 67' lang='lat' dir='ltr'>(iio.</span> <span class='ocrx_word' id='word_1_284' title='bbox 313 3400 396 3460; x_wconf 82' lang='lat' dir='ltr'>Brut.</span> <span class='ocrx_word' id='word_1_285' title='bbox 410 3418 441 3477; x_wconf 85' lang='lat' dir='ltr'>p.</span> <span class='ocrx_word' id='word_1_286' title='bbox 450 3396 525 3464; x_wconf 82' lang='grc'><strong>280.</strong></span> <span class='ocrx_word' id='word_1_287' title='bbox 567 3395 665 3457; x_wconf 80' lang='lat' dir='ltr'>Fabri.</span> <span class='ocrx_word' id='word_1_288' title='bbox 680 3400 720 3459; x_wconf 88' lang='lat' dir='ltr'>ad</span> <span class='ocrx_word' id='word_1_289' title='bbox 731 3400 803 3461; x_wconf 84' lang='lat' dir='ltr'><strong>Sall.</strong></span> <span class='ocrx_word' id='word_1_290' title='bbox 817 3401 883 3461; x_wconf 81' lang='lat' dir='ltr'>Cet.</span> <span class='ocrx_word' id='word_1_291' title='bbox 902 3404 953 3479; x_wconf 90' lang='grc'>16,</span> <span class='ocrx_word' id='word_1_292' title='bbox 974 3402 1004 3467; x_wconf 90' lang='grc'>6.</span> <span class='ocrx_word' id='word_1_293' title='bbox 1027 3409 1058 3463; x_wconf 83' lang='lat' dir='ltr'>et</span> <span class='ocrx_word' id='word_1_294' title='bbox 1077 3402 1219 3481; x_wconf 78' lang='lat' dir='ltr'>interpres</span> <span class='ocrx_word' id='word_1_295' title='bbox 1232 3402 1269 3461; x_wconf 82' lang='lat' dir='ltr'>C.</span> <span class='ocrx_word' id='word_1_296' title='bbox 1280 3399 1389 3461; x_wconf 75' lang='lat' dir='ltr'>Pereo·</span> 
     </span>
     <span class='ocr_line' id='line_1_29' title="bbox 236 3496 1390 3583; baseline 0.001 -19"><span class='ocrx_word' id='word_1_297' title='bbox 236 3506 314 3565; x_wconf 79' lang='lat' dir='ltr'>rina:</span> <span class='ocrx_word' id='word_1_298' title='bbox 334 3502 448 3580; x_wconf 84' lang='lat' dir='ltr'>„Nein,</span> <span class='ocrx_word' id='word_1_299' title='bbox 466 3500 588 3560; x_wconf 82' lang='lat' dir='ltr'>nimmer</span> <span class='ocrx_word' id='word_1_300' title='bbox 604 3496 725 3561; x_wconf 79' lang='lat' dir='ltr'>herodot</span> <span class='ocrx_word' id='word_1_301' title='bbox 739 3502 801 3561; x_wconf 77' lang='lat' dir='ltr'>rich</span> <span class='ocrx_word' id='word_1_302' title='bbox 817 3500 956 3564; x_wconf 54' lang='lat' dir='ltr'>nenne</span> <span class='ocrx_word' id='word_1_303' title='bbox 995 3503 1035 3563; x_wconf 81' lang='lat' dir='ltr'>At</span> <span class='ocrx_word' id='word_1_304' title='bbox 1053 3506 1131 3567; x_wconf 88' lang='lat' dir='ltr'>illam</span> <span class='ocrx_word' id='word_1_305' title='bbox 1150 3504 1390 3583; x_wconf 77' lang='lat' dir='ltr'>significationem</span> 
     </span>
     <span class='ocr_line' id='line_1_30' title="bbox 239 3600 1391 3684; baseline 0.003 -21"><span class='ocrx_word' id='word_1_306' title='bbox 239 3604 429 3684; x_wconf 79' lang='lat' dir='ltr'>comprobant</span> <span class='ocrx_word' id='word_1_307' title='bbox 447 3604 608 3680; x_wconf 85' lang='lat' dir='ltr'>eeqnentia.</span> <span class='ocrx_word' id='word_1_308' title='bbox 650 3600 808 3682; x_wconf 76' lang='lat' dir='ltr'>Postquam</span> <span class='ocrx_word' id='word_1_309' title='bbox 827 3602 916 3664; x_wconf 79' lang='lat' dir='ltr'>Mena</span> <span class='ocrx_word' id='word_1_310' title='bbox 935 3626 1033 3667; x_wconf 78' lang='lat' dir='ltr'>seeum</span> <span class='ocrx_word' id='word_1_311' title='bbox 1053 3608 1172 3669; x_wconf 83' lang='lat' dir='ltr'>miratus</span> <span class='ocrx_word' id='word_1_312' title='bbox 1192 3614 1239 3667; x_wconf 86' lang='lat' dir='ltr'>est</span> <span class='ocrx_word' id='word_1_313' title='bbox 1257 3608 1332 3667; x_wconf 86' lang='lat' dir='ltr'>hano</span> <span class='ocrx_word' id='word_1_314' title='bbox 1351 3604 1391 3666; x_wconf 86' lang='lat' dir='ltr'>ad</span> 
     </span>
     <span class='ocr_line' id='line_1_31' title="bbox 238 3702 1390 3791; baseline 0.001 -22"><span class='ocrx_word' id='word_1_315' title='bbox 238 3724 360 3769; x_wconf 82' lang='lat' dir='ltr'>ooenam</span> <span class='ocrx_word' id='word_1_316' title='bbox 374 3708 407 3767; x_wconf 92' lang='lat' dir='ltr'>in</span> <span class='ocrx_word' id='word_1_317' title='bbox 424 3704 514 3765; x_wconf 84' lang='lat' dir='ltr'>talem</span> <span class='ocrx_word' id='word_1_318' title='bbox 525 3706 643 3765; x_wconf 84' lang='lat' dir='ltr'>domum</span> <span class='ocrx_word' id='word_1_319' title='bbox 661 3706 858 3768; x_wconf 76' lang='lat' dir='ltr'>invitationem</span> <span class='ocrx_word' id='word_1_320' title='bbox 875 3704 926 3786; x_wconf 81' lang='lat' dir='ltr'>(cs.</span> <span class='ocrx_word' id='word_1_321' title='bbox 938 3702 1032 3768; x_wconf 86' lang='lat' dir='ltr'>Pleut.</span> <span class='ocrx_word' id='word_1_322' title='bbox 1049 3706 1116 3769; x_wconf 76' lang='lat' dir='ltr'><strong>Aul.</strong></span> <span class='ocrx_word' id='word_1_323' title='bbox 1135 3711 1167 3787; x_wconf 89' lang='grc'>2,</span> <span class='ocrx_word' id='word_1_324' title='bbox 1182 3712 1213 3787; x_wconf 86' lang='grc'>2,</span> <span class='ocrx_word' id='word_1_325' title='bbox 1231 3706 1309 3791; x_wconf 79' lang='grc'>43),</span> <span class='ocrx_word' id='word_1_326' title='bbox 1327 3716 1390 3770; x_wconf 88' lang='lat' dir='ltr'>tum</span> 
     </span>
     <span class='ocr_line' id='line_1_32' title="bbox 238 3806 1391 3887; baseline -0.003 -16"><span class='ocrx_word' id='word_1_327' title='bbox 238 3812 354 3871; x_wconf 68' lang='grc' dir='ltr'>6οιιιιιιιι</span> <span class='ocrx_word' id='word_1_328' title='bbox 382 3806 471 3868; x_wconf 81' lang='lat' dir='ltr'>rebna</span> <span class='ocrx_word' id='word_1_329' title='bbox 490 3810 574 3886; x_wconf 76' lang='lat' dir='ltr'>quari</span> <span class='ocrx_word' id='word_1_330' title='bbox 595 3808 808 3887; x_wconf 77' lang='lat' dir='ltr'>droomapeotio</span> <span class='ocrx_word' id='word_1_331' title='bbox 837 3810 960 3871; x_wconf 69' lang='lat' dir='ltr'>honeste</span> <span class='ocrx_word' id='word_1_332' title='bbox 981 3817 1012 3871; x_wconf 87' lang='lat' dir='ltr'>et</span> <span class='ocrx_word' id='word_1_333' title='bbox 1032 3809 1135 3871; x_wconf 75' lang='lat' dir='ltr'>blande</span> <span class='ocrx_word' id='word_1_334' title='bbox 1156 3818 1280 3871; x_wconf 81' lang='lat' dir='ltr'>recusat.</span> <span class='ocrx_word' id='word_1_335' title='bbox 1324 3812 1391 3870; x_wconf 81' lang='lat' dir='ltr'>Be·</span> 
     </span>
     <span class='ocr_line' id='line_1_33' title="bbox 239 3908 1390 3992; baseline 0.002 -22"><span class='ocrx_word' id='word_1_336' title='bbox 239 3914 347 3992; x_wconf 77' lang='lat' dir='ltr'>aigne,</span> <span class='ocrx_word' id='word_1_337' title='bbox 363 3915 398 3970; x_wconf 89' lang='lat' dir='ltr'>nt</span> <span class='ocrx_word' id='word_1_338' title='bbox 416 3928 506 3990; x_wconf 73' lang='lat' dir='ltr'>sopra</span> <span class='ocrx_word' id='word_1_339' title='bbox 525 3928 553 3969; x_wconf 86' lang='lat' dir='ltr'>r.</span> <span class='ocrx_word' id='word_1_340' title='bbox 578 3912 648 3986; x_wconf 90' lang='grc'>16.,</span> <span class='ocrx_word' id='word_1_341' title='bbox 670 3908 794 3970; x_wconf 77' lang='lat' dir='ltr'>formula</span> <span class='ocrx_word' id='word_1_342' title='bbox 814 3910 852 3969; x_wconf 87' lang='lat' dir='ltr'>ab</span> <span class='ocrx_word' id='word_1_343' title='bbox 871 3912 906 3971; x_wconf 74' lang='lat' dir='ltr'>iii</span> <span class='ocrx_word' id='word_1_344' title='bbox 924 3914 1063 3991; x_wconf 76' lang='lat' dir='ltr'>imprimis</span> <span class='ocrx_word' id='word_1_345' title='bbox 1082 3920 1237 3992; x_wconf 79' lang='lat' dir='ltr'>usurpata,</span> <span class='ocrx_word' id='word_1_346' title='bbox 1256 3914 1305 3990; x_wconf 87' lang='lat' dir='ltr'>qui</span> <span class='ocrx_word' id='word_1_347' title='bbox 1322 3930 1390 3990; x_wconf 84' lang='lat' dir='ltr'>gra·</span> 
     </span>
     <span class='ocr_line' id='line_1_34' title="bbox 238 4012 1390 4090; baseline -0.003 -16"><span class='ocrx_word' id='word_1_348' title='bbox 238 4016 310 4074; x_wconf 85' lang='lat' dir='ltr'>tiem</span> <span class='ocrx_word' id='word_1_349' title='bbox 325 4012 465 4071; x_wconf 72' lang='lat' dir='ltr'>feriente·</span> <span class='ocrx_word' id='word_1_350' title='bbox 484 4013 605 4090; x_wconf 88' lang='lat' dir='ltr'>prandio</span> <span class='ocrx_word' id='word_1_351' title='bbox 623 4012 670 4071; x_wconf 86' lang='lat' dir='ltr'>ret</span> <span class='ocrx_word' id='word_1_352' title='bbox 684 4031 777 4073; x_wconf 82' lang='lat' dir='ltr'>coena</span> <span class='ocrx_word' id='word_1_353' title='bbox 795 4016 837 4073; x_wconf 88' lang='lat' dir='ltr'>oti</span> <span class='ocrx_word' id='word_1_354' title='bbox 856 4012 976 4075; x_wconf 86' lang='lat' dir='ltr'>nollent.</span> <span class='ocrx_word' id='word_1_355' title='bbox 1018 4012 1082 4075; x_wconf 70' lang='lat' dir='ltr'>we.</span> <span class='ocrx_word' id='word_1_356' title='bbox 1102 4013 1224 4076; x_wconf 87' lang='lat' dir='ltr'>Taubm.</span> <span class='ocrx_word' id='word_1_357' title='bbox 1242 4016 1280 4073; x_wconf 88' lang='lat' dir='ltr'>ad</span> <span class='ocrx_word' id='word_1_358' title='bbox 1294 4012 1390 4072; x_wconf 79' lang='lat' dir='ltr'>Plant.</span> 
     </span>
     <span class='ocr_line' id='line_1_35' title="bbox 238 4112 1390 4193; baseline -0.004 -17"><span class='ocrx_word' id='word_1_359' title='bbox 238 4112 419 4176; x_wconf 74' lang='lat' dir='ltr'>Menoechm</span> <span class='ocrx_word' id='word_1_360' title='bbox 442 4115 474 4191; x_wconf 88' lang='grc'>2,</span> <span class='ocrx_word' id='word_1_361' title='bbox 492 4114 527 4190; x_wconf 81' lang='grc'>3,</span> <span class='ocrx_word' id='word_1_362' title='bbox 547 4113 600 4175; x_wconf 83' lang='grc'><strong>36.</strong></span> <span class='ocrx_word' id='word_1_363' title='bbox 620 4119 719 4193; x_wconf 84' lang='lat' dir='ltr'>etqui</span> <span class='ocrx_word' id='word_1_364' title='bbox 740 4116 874 4178; x_wconf 81' lang='lat' dir='ltr'>laudator</span> <span class='ocrx_word' id='word_1_365' title='bbox 896 4116 1020 4177; x_wconf 76' lang='grc' dir='ltr'>Οιιιιιιιὶι.</span> <span class='ocrx_word' id='word_1_366' title='bbox 1040 4115 1138 4177; x_wconf 84' lang='lat' dir='ltr'>Leott.</span> <span class='ocrx_word' id='word_1_367' title='bbox 1153 4116 1277 4177; x_wconf 80' lang='lat' dir='ltr'>Theoer.</span> <span class='ocrx_word' id='word_1_368' title='bbox 1294 4132 1321 4175; x_wconf 83' lang='lat' dir='ltr'>o.</span> <span class='ocrx_word' id='word_1_369' title='bbox 1339 4114 1390 4179; x_wconf 88' lang='grc'>16.</span> 
     </span>
     <span class='ocr_line' id='line_1_36' title="bbox 238 4214 1391 4298; baseline -0.008 -15"><span class='ocrx_word' id='word_1_370' title='bbox 238 4236 270 4297; x_wconf 76' lang='grc' dir='ltr'>ι).</span> <span class='ocrx_word' id='word_1_371' title='bbox 292 4219 368 4283; x_wconf 77' lang='grc'>271.</span> <span class='ocrx_word' id='word_1_372' title='bbox 411 4214 498 4274; x_wconf 79' lang='lat' dir='ltr'>Coos.</span> <span class='ocrx_word' id='word_1_373' title='bbox 521 4214 612 4275; x_wconf 86' lang='lat' dir='ltr'>Orell.</span> <span class='ocrx_word' id='word_1_374' title='bbox 635 4216 746 4296; x_wconf 79' lang='lat' dir='ltr'>Opnso.</span> <span class='ocrx_word' id='word_1_375' title='bbox 767 4220 874 4280; x_wconf 81' lang='lat' dir='ltr'>Graec.</span> <span class='ocrx_word' id='word_1_376' title='bbox 896 4228 967 4281; x_wconf 86' lang='lat' dir='ltr'>vett.</span> <span class='ocrx_word' id='word_1_377' title='bbox 989 4220 1024 4279; x_wconf 88' lang='lat' dir='ltr'>ll.</span> <span class='ocrx_word' id='word_1_378' title='bbox 1052 4238 1082 4298; x_wconf 91' lang='lat' dir='ltr'>p.</span> <span class='ocrx_word' id='word_1_379' title='bbox 1105 4218 1179 4282; x_wconf 82' lang='lat'><strong>615.</strong></span> <span class='ocrx_word' id='word_1_380' title='bbox 1229 4218 1287 4287; x_wconf 81' lang='lat' dir='ltr'>Qni</span> <span class='ocrx_word' id='word_1_381' title='bbox 1305 4214 1391 4275; x_wconf 71' lang='lat' dir='ltr'>berti·</span> 
     </span>
     <span class='ocr_line' id='line_1_37' title="bbox 238 4316 1391 4400; baseline 0.006 -26"><span class='ocrx_word' id='word_1_382' title='bbox 238 4336 301 4398; x_wconf 75' lang='lat' dir='ltr'>gno</span> <span class='ocrx_word' id='word_1_383' title='bbox 315 4316 490 4395; x_wconf 80' lang='lat' dir='ltr'>Rorpondet</span> <span class='ocrx_word' id='word_1_384' title='bbox 505 4320 678 4397; x_wconf 76' lang='lat' dir='ltr'>conjunctim</span> <span class='ocrx_word' id='word_1_385' title='bbox 697 4321 808 4400; x_wconf 74' lang='lat' dir='ltr'>legunt,</span> <span class='ocrx_word' id='word_1_386' title='bbox 829 4340 894 4382; x_wconf 82' lang='lat' dir='ltr'>enm</span> <span class='ocrx_word' id='word_1_387' title='bbox 912 4320 1073 4397; x_wconf 79' lang='lat' dir='ltr'>Lambino,</span> <span class='ocrx_word' id='word_1_388' title='bbox 1094 4321 1144 4397; x_wconf 86' lang='lat' dir='ltr'>qui</span> <span class='ocrx_word' id='word_1_389' title='bbox 1164 4322 1205 4380; x_wconf 87' lang='lat' dir='ltr'>nti</span> <span class='ocrx_word' id='word_1_390' title='bbox 1228 4318 1391 4398; x_wconf 77' lang='lat' dir='ltr'>Herzogi&#39;ut</span> 
     </span>
     <span class='ocr_line' id='line_1_38' title="bbox 239 4418 1393 4500; baseline 0 -19"><span class='ocrx_word' id='word_1_391' title='bbox 239 4420 278 4481; x_wconf 81' lang='lat' dir='ltr'>od</span> <span class='ocrx_word' id='word_1_392' title='bbox 294 4418 365 4478; x_wconf 81' lang='lat' dir='ltr'>Sall.</span> <span class='ocrx_word' id='word_1_393' title='bbox 381 4418 448 4496; x_wconf 80' lang='lat' dir='ltr'><strong>Jug·</strong></span> <span class='ocrx_word' id='word_1_394' title='bbox 468 4420 520 4497; x_wconf 85' lang='lat'>11,</span> <span class='ocrx_word' id='word_1_395' title='bbox 540 4423 570 4483; x_wconf 93' lang='lat'>1.</span> <span class='ocrx_word' id='word_1_396' title='bbox 586 4418 828 4484; x_wconf 76' lang='lat' dir='ltr'>benedictionem</span> <span class='ocrx_word' id='word_1_397' title='bbox 844 4425 979 4500; x_wconf 80' lang='lat' dir='ltr'>illustrat,</span> <span class='ocrx_word' id='word_1_398' title='bbox 1001 4418 1165 4480; x_wconf 80' lang='lat' dir='ltr'>liberaliter</span> <span class='ocrx_word' id='word_1_399' title='bbox 1181 4424 1242 4481; x_wconf 78' lang='lat' dir='ltr'>eive</span> <span class='ocrx_word' id='word_1_400' title='bbox 1259 4420 1393 4481; x_wconf 75' lang='grc' dir='ltr'>Ιιωιιαιιι</span> 
     </span>
     <span class='ocr_line' id='line_1_39' title="bbox 240 4512 1390 4605; baseline 0.003 -24"><span class='ocrx_word' id='word_1_401' title='bbox 240 4522 474 4601; x_wconf 83' lang='lat' dir='ltr'>interpretantur.</span> <span class='ocrx_word' id='word_1_402' title='bbox 517 4522 579 4581; x_wconf 86' lang='lat' dir='ltr'>Sed</span> <span class='ocrx_word' id='word_1_403' title='bbox 603 4522 691 4582; x_wconf 79' lang='lat' dir='ltr'>verte</span> <span class='ocrx_word' id='word_1_404' title='bbox 716 4544 790 4603; x_wconf 82' lang='lat' dir='ltr'>qaae</span> <span class='ocrx_word' id='word_1_405' title='bbox 810 4532 969 4603; x_wconf 71' lang='lat' dir='ltr'>sequuntur</span> <span class='ocrx_word' id='word_1_406' title='bbox 989 4524 1223 4585; x_wconf 74' lang='lat' dir='ltr'>honorationem</span> <span class='ocrx_word' id='word_1_407' title='bbox 1243 4512 1390 4605; x_wconf 81' lang='lat' dir='ltr'>respuunt.</span> 
     </span>
     <span class='ocr_line' id='line_1_40' title="bbox 239 4622 1392 4706; baseline 0.002 -22"><span class='ocrx_word' id='word_1_408' title='bbox 239 4622 274 4684; x_wconf 87' lang='grc' dir='ltr'>Ιιι</span> <span class='ocrx_word' id='word_1_409' title='bbox 293 4624 338 4683; x_wconf 78' lang='lat' dir='ltr'>hin</span> <span class='ocrx_word' id='word_1_410' title='bbox 359 4622 507 4705; x_wconf 72' lang='lat' dir='ltr'>Philippos</span> <span class='ocrx_word' id='word_1_411' title='bbox 525 4622 710 4688; x_wconf 60' lang='lat' dir='ltr'>mandas</span> <span class='ocrx_word' id='word_1_412' title='bbox 730 4624 881 4705; x_wconf 72' lang='lat' dir='ltr'>quaesibi</span> <span class='ocrx_word' id='word_1_413' title='bbox 901 4644 960 4689; x_wconf 88' lang='lat' dir='ltr'>non</span> <span class='ocrx_word' id='word_1_414' title='bbox 980 4626 1109 4706; x_wconf 81' lang='lat' dir='ltr'>opinanti</span> <span class='ocrx_word' id='word_1_415' title='bbox 1126 4628 1282 4691; x_wconf 83' lang='lat' dir='ltr'>acciderint</span> <span class='ocrx_word' id='word_1_416' title='bbox 1301 4630 1392 4688; x_wconf 85' lang='lat' dir='ltr'>inter-</span> 
     </span>
     <span class='ocr_line' id='line_1_41' title="bbox 273 4720 1188 4811; baseline -0.001 -35"><span class='ocrx_word' id='word_1_417' title='bbox 273 4720 423 4778; x_wconf 59' lang='lat' dir='ltr'>aanor.</span> <span class='ocrx_word' id='word_1_418' title='bbox 1076 4724 1119 4790; x_wconf 78' lang='lat'>25</span> <span class='ocrx_word' id='word_1_419' title='bbox 1138 4728 1188 4811; x_wconf 78' lang='grc'>(8)</span> 
     </span>
    </p>
   </div>
   <div class='ocr_carea' id='block_1_3' title="bbox 0 0 1743 5334">
    <p class='ocr_par' dir='ltr' id='par_1_3' title="bbox 0 0 1743 5334">
     <span class='ocr_line' id='line_1_42' title="bbox 0 0 1743 5334; baseline 0 0"><span class='ocrx_word' id='word_1_420' title='bbox 0 0 1743 5334; x_wconf 95' lang='lat' dir='ltr'> </span> 
     </span>
    </p>
   </div>
  </div>
 </body>
</html>
