3450 5334
232 541 295 605 107
338 535 625 601 domuum
644 536 689 599 IN
709 534 878 601 nomn
897 534 1281 601 Lm.1.nP1s'r.ssPT.
1323 532 1389 601 ³79

229 731 307 802 tum,
342 725 431 804 pullio
458 744 519 785 non
542 724 703 801 inclusam,
736 730 770 785 ut
796 730 877 786 recte
897 725 1077 805 interpretati
1099 730 1166 789 sunt
1189 724 1334 807 Seheffcr.
1358 732 1390 785 et

230 828 388 887 Heinsius.
434 827 619 907 Quapropter
637 827 777 887 dissentio
799 846 913 906 quoqne
934 832 972 889 de
993 828 1114 889 formula
1130 838 1165 887 at
1178 833 1269 903 ajunt
1282 849 1309 889 v.
1323 825 1389 904 49,

230 948 316 1007 quam
336 931 412 989 idem
427 928 463 988 V.
484 934 515 990 d.
536 932 575 989 ad
596 948 624 991 r.
645 929 713 993 adr.
734 932 826 991 refert
831 970 843 1006 ,
866 936 899 991 ut
917 930 1088 992 translatum
1106 930 1222 991 verbm
1243 931 1390 1009 significe-

230 1036 294 1103 tm3
322 1050 411 1109 porro
432 1034 546 1092 confert
565 1032 660 1111 Epist.
683 1038 722 1110 2,
751 1035 790 1111 2,
822 1032 878 1096 30.
900 1032 1090 1111 praesidum
1110 1032 1174 1093 Ioco
1195 1032 1323 1109 dejecit,
1356 1043 1392 1093 ut

230 1136 342 1206 ajunt,
362 1152 479 1193 summe
498 1137 616 1193 munito
624 1177 637 1207 ,
658 1134 707 1194 ubi
727 1134 802 1194 hanc
824 1134 975 1195 formulam
993 1142 1113 1215 propter
1134 1136 1251 1197 verbum
1268 1135 1391 1195 militare

231 1234 339 1309 dsy'aeois
358 1236 387 1294 h.
408 1235 430 1317 l⁴
449 1238 609 1314 adjectam,
643 1236 769 1315 alioquin
788 1255 818 1297 r.
841 1230 893 1301 24.
924 1238 1105 1299 inserendam
1132 1244 1224 1317 putat.
1268 1234 1309 1297 lt
1331 1256 1391 1314 quo

230 1337 308 1397 illum
323 1337 475 1397 formulam
490 1342 529 1399 de
548 1340 639 1398 verbo
662 1337 834 1400 uotiuumol
852 1338 941 1399 Immo
957 1341 1002 1400 liic
1025 1360 1089 1401 enm
1108 1340 1266 1421 prudenter
1286 1338 1392 1416 adjecit

233 1437 336 1515 Poeta,
357 1444 468 1498 utrem
487 1459 558 1501 sane
578 1444 695 1521 miram,
715 1441 842 1501 midam
862 1440 953 1501 ἰὶῐιιηι
971 1452 1065 1503 coam
1079 1442 1270 1523 praesidium
1290 1440 1393 1521 regale

235 1542 394 1616 decedes,
423 1545 522 1604 auditu
543 1565 577 1604 se
598 1553 779 1625 compertmu
799 1542 906 1605 habere
927 1546 1080 1607 incredulis
1100 1545 1287 1624 significaret.
1331 1544 1392 1603 Sed

233 1666 327 1724 neque
346 1644 500 1718 Hutdr'rsr,
520 1666 616 1726 neque
631 1646 843 1717 Hooluderus,
864 1647 913 1725 qui
931 1646 1016 1706 etium
1036 1647 1082 1707 liic
1099 1648 1281 1727 proverbium
1299 1647 1391 1725 quod·

233 1750 301 1809 dam
317 1750 407 1808 sentit
427 1749 592 1829 (,‚‹lernaclr
611 1752 710 1810 dirlte
733 1748 801 1809 adr.
821 1750 886 1811 eine
903 1750 961 1809 fast
981 1748 1232 1829 spriichwdrtliclne
1252 1746 1392 1811 Bezelch·

232 1852 415 1930 nungaweisc
434 1852 515 1912 einer
534 1852 643 1914 Klasse
662 1872 720 1913 vou
739 1852 909 1929 lleusclren,
930 1852 977 1912 die
996 1852 1050 1911 uu
1066 1852 1119 1911 das
1137 1852 1293 1913 Barbiereu
1313 1849 1393 1911 nicht

233 1954 289 2013 viel
310 1954 481 2014 verweudcu
501 1953 647 2032 kouuteu,
679 1973 814 2034 genesen
836 1953 955 2031 ceiu“),
982 1956 1052 2014 satis
1074 1954 1223 2031 viderunt,
1243 1952 1394 2013 Horatium

234 2056 289 2116 luae
307 2056 430 2116 formula
449 2056 488 2114 ad
505 2075 554 2115 res
569 2056 735 2117 iudicandus
752 2057 896 2117 narrando
918 2056 1040 2115 madius
1061 2057 1114 2133 uti,
1132 2057 1163 2117 id
1180 2058 1257 2133 quod
1278 2062 1393 2133 praeter

234 2160 311 2220 hunc
332 2166 484 2234 ntrmnque
503 2157 762 2219 locumtectautur
782 2160 875 2238 Epist
900 2162 929 2236 1,
950 2160 987 2234 6,
1010 2157 1062 2222 40.
1086 2160 1144 2235 17,
1167 2159 1217 2221 18.
1259 2156 1323 2217 Hac
1343 2172 1393 2217 ea-

234 2266 303 2323 dem
323 2262 526 2321 observatione
544 2261 708 2340 Doeringr‘s‘
727 2263 806 2322 cadit
820 2267 1020 2339 commentum,
1039 2278 1095 2338 qao
1113 2260 1185 2321 huuc
1203 2278 1316 2321 omnem
1332 2276 1393 2319 rem

235 2364 274 2427 ab
287 2365 410 2424 Horutio
431 2365 528 2423 acon
548 2364 693 2441 opinatur.
736 2365 875 2424 Ceterum
893 2384 994 2423 vacua
1013 2365 1139 2423 tonsoris
1156 2359 1265 2421 rendra
1283 2357 1394 2420 duabus

236 2468 387 2528 decausis
408 2466 523 2541 elicitur,
543 2466 667 2542 primum
687 2472 809 2546 propter
832 2472 965 2526 octavam
987 2465 1106 2542 horam,
1127 2484 1183 2542 qua
1201 2465 1262 2542 jam
1282 2464 1393 2523 disces-

236 2570 328 2629 serint
347 2569 530 2644 adventores,
549 2568 654 2627 ddude
673 2575 705 2627 ut
725 2569 780 2627 hoc
799 2569 936 2648 Epitheto
956 2567 1117 2647 legentibus
1139 2568 1221 2645 quasi
1241 2564 1279 2625 ob
1294 2565 1394 2627 oculos

235 2676 371 2751 ponatur,
391 2668 552 2748 Philippum
570 2670 613 2727 sic
632 2671 739 2748 optime
758 2670 900 2731 hominem
920 2672 1075 2731 obseruare
1095 2670 1235 2749 potuisse.
1278 2666 1305 2727 A
1325 2684 1394 2726 vero

236 2775 325 2853 igitur
347 2770 514 2850 longissime
533 2770 656 2846 absunt,
691 2775 741 2849 qui
761 2794 826 2832 cum
843 2772 1006 2833 Scholiasta
1028 2774 1136 2850 Cruq.,
1171 2767 1324 2829 Lambino
1344 2774 1396 2829 eut

236 2879 363 2935 oleosum
381 2876 622 2952 interpretantur,
642 2876 692 2931 aut
714 2892 778 2933 cum
796 2872 974 2933 Wrclandio
991 2880 1113 2954 propter
1127 2872 1235 2933 ‘malrum
1248 2877 1395 2931 tonsorem

237 2998 296 3039 non
316 2978 470 3037 admodum
492 2973 721 3051 frequematam,
755 2979 807 3032 aut
826 2994 892 3034 curu
910 2976 973 3035 uliis
994 2996 1013 3035 a
1032 2981 1153 3035 tonsore
1183 2973 1269 3054 plane
1289 2972 1395 3033 dereli-

238 3085 334 3156 ctam,
360 3079 429 3156 qnia
447 3076 561 3135 circiter
583 3073 774 3133 leuchorum
791 3094 936 3153 nunquam
955 3084 1006 3136 eut
1029 3096 1094 3137 raro
1115 3078 1266 3155 quisquam
1287 3075 1395 3137 barbae

236 3182 388 3262 ponendae
407 3196 493 3237 causa
513 3178 686 3235 tonstrinam
703 3178 862 3237 intraverit.
905 3177 952 3243 Au
969 3199 1136 3257 censemus,
1170 3184 1319 3239 tonsorem
1336 3177 1395 3237 cul-

237 3286 323 3345 tcllos
340 3280 492 3359 reliquisse
512 3285 563 3338 aut
582 3279 769 3339 adventorem
786 3280 864 3341 illmn
886 3302 955 3342 suos
975 3302 1073 3342 seeum
1092 3285 1122 3342 iu
1135 3283 1306 3341 tonstrinum
1318 3286 1395 3341 sttu-

239 3385 332 3447 lissei
351 3384 456 3445 Melius
478 3400 549 3441 sane
569 3382 607 3460 ii,
629 3382 679 3459 qui
697 3390 845 3443 tonsorem
865 3384 960 3463 aliquo
981 3384 1170 3460 discessisse,
1188 3386 1242 3443 sed
1261 3403 1327 3444 mox
1349 3402 1395 3443 rc-

237 3490 364 3549 diturum
385 3488 550 3566 opinantur,
571 3503 733 3562 quanquam
753 3494 784 3548 et
803 3489 847 3545 sic
866 3486 1024 3564 Epitheton
1044 3486 1128 3545 latius
1148 3486 1230 3547 latet.
1280 3484 1397 3545 Umbro

237 3591 341 3653 dicitm
358 3572 513 3661 tonstrina,
534 3590 601 3663 quia
622 3586 743 3665 pergule
762 3588 817 3647 luit
829 3606 953 3667 superne
971 3592 1060 3665 tecta,
1083 3589 1135 3648 sed
1149 3590 1396 3667 praetereuntibus

239 3696 263 3753 si
290 3712 348 3752 uon
374 3690 519 3768 nudique,
557 3695 588 3746 at
612 3694 692 3747 certe
712 3708 731 3747 a
755 3691 852 3749 fronte
873 3691 1037 3769 conspicue.
1079 3691 1151 3751 lude
1172 3690 1297 3750 umbrae
1319 3697 1396 3751 teste

238 3792 329 3853 Festo
347 3812 378 3872 p.
396 3792 466 3855 161.
480 3787 568 3849 Liud.
585 3789 813 3869 Neptunalibus
832 3812 921 3851 casae
932 3791 1084 3871 frondens
1100 3812 1159 3871 pro
1183 3792 1395 3855 tabernaculis.

238 3898 289 3955 Sic
310 3894 487 3953 Graecorum
506 3893 626 3975 σκηναί,
646 3894 704 3953 vid.
726 3892 852 3952 Casaub.
875 3894 913 3953 ad
934 3893 1082 3975 Theophr.
1104 3895 1192 3955 Char.
1209 3897 1260 3961 23.
1281 3916 1311 3975 p.
1324 3895 1396 3961 225.

239 3998 275 4060 F.
297 3998 335 4056 ad
359 3994 498 4056 Athenae.
520 3991 559 4072 4,
596 3994 648 4060 20.
669 4015 701 4073 p-
723 3995 815 4072 301„
850 4015 925 4074 quos
954 3996 1035 4056 locos
1063 3997 1162 4057 laudat
1194 3996 1338 4057 Valcken.
1359 4000 1396 4059 ad

238 4099 366 4159 Theocr.
390 4097 448 4174 15,
479 4099 531 4160 16.
573 4096 664 4158 Tales
691 4099 850 4157 tonstrinas
876 4099 962 4159 laodic
985 4118 1102 4178 quoque
1129 4102 1256 4179 conspici
1272 4099 1395 4175 Romae,

239 4205 360 4260 annotat
376 4197 462 4258 Guil.
477 4196 600 4274 Mella,
619 4198 651 4257 iu
670 4200 780 4275 „Rom,
800 4200 909 4260 Romer
927 4203 986 4260 und
999 4201 1227 4261 Reimeriunen.“
1248 4202 1286 4260 11.
1300 4222 1331 4281 p.
1344 4194 1396 4267 24.

323 4301 358 4361 V.
382 4300 434 4363 51.
483 4300 612 4361 adala
627 4321 718 4383 prop.
741 4334 779 4347 ·-
802 4302 926 4383 unguis.
973 4302 1032 4361 Cur
1051 4302 1115 4381 ipse
1137 4300 1220 4361 sibit
1251 4302 1326 4374 Quia
1346 4307 1397 4363 ant

239 4410 343 4465 tonsor
363 4398 506 4483 paulrdum
527 4402 718 4478 discesserat,
749 4408 800 4461 aut
823 4402 907 4462 lromo
922 4402 969 4463 ille
986 4404 1038 4464 teli
1059 4402 1170 4483 officio,
1203 4423 1261 4483 quo
1280 4404 1422 4479 alterius,

240 4526 298 4585 ope
315 4526 374 4567 uon
394 4508 458 4563 erat
479 4524 564 4582 opus,
583 4506 664 4586 fungi
685 4503 892 4582 delectabatur,
914 4512 964 4567 aut
985 4527 1020 4568 ex
1041 4506 1174 4585 quadum,
1194 4526 1254 4569 uou
1271 4507 1321 4567 illo
1333 4508 1397 4586 qui-

241 4610 308 4669 dem
327 4606 531 4686 simperaffla,
563 4606 756 4686 ρωὶωοιιία,
788 4608 851 4684 quis
873 4615 935 4685 cst,
967 4611 1014 4687 qm'
1029 4626 1083 4689 pro
1103 4614 1250 4687 comperto
1272 4604 1397 4671 lrabeat?
