3450 5334
234 546 295 609 111
338 540 623 605 commun
646 540 689 601 ΙΝ
707 537 874 603 Romu
894 536 1276 601 Lm.1.sspls'r.sssl⁷r.
1314 534 1384 601 ’383

232 732 276 791 nit
295 728 459 804 Lunelinus,
491 747 586 806 „rnro
606 728 661 787 nisi
681 727 796 789 infantie
815 726 892 789 solet
913 742 978 787 esee
1001 725 1129 785 notus.“
1182 726 1277 803 Quid,
1309 726 1389 804 quod

235 832 412 893 constructio
431 830 482 891 illa
501 850 520 891 u
540 830 734 909 eomplmibus
749 848 804 908 pro
819 829 890 889 folio
905 828 1030 907 Sibyllae
1043 828 1155 887 heliu:
1176 830 1241 887 uine
1256 830 1390 904 emunim,

234 946 340 993 nouem
355 934 399 991 Et
410 952 575 1011 properare
590 939 647 993 ete.
665 936 696 991 et
712 950 813 991 versus
832 937 963 993 tenorem
983 936 1014 992 et
1032 932 1191 991 sententiae
1212 932 1269 993 vim
1286 934 1389 993 misere

234 1036 381 1113 infringit3
411 1052 503 1112 aeque
527 1036 616 1114 ffiget
643 1035 736 1096 altera
764 1033 917 1095 verborum
943 1034 1129 1113 compositio:
1160 1036 1225 1093 eino
1251 1036 1389 1106 ermeme,

234 1150 359 1213 notram
387 1139 431 1197 Et
450 1142 525 1215 ete,
554 1156 640 1216 quum
660 1138 728 1197 iliud
749 1146 854 1198 nomm
873 1134 1006 1195 absolute
1027 1138 1152 1215 positum
1172 1142 1260 1216 etque
1281 1136 1318 1197 eb
1338 1156 1389 1197 ore

235 1242 386 1320 praeconis
399 1240 541 1320 proletmu
559 1247 609 1301 eut
628 1241 742 1300 nimium
761 1244 812 1299 aut
830 1240 914 1299 mane
934 1238 1004 1315 quid
1016 1237 1133 1297 indicet.
1175 1238 1280 1319 Neque
1298 1242 1389 1299 minus

236 1344 416 1405 incommoda
435 1342 543 1403 Botleie’
561 1350 608 1404 est
627 1342 839 1422 interpretatio:
869 1342 994 1418 „omnia
1011 1340 1082 1401 lueet
1101 1342 1293 1423 (properare,
1326 1361 1391 1401 cee-

233 1466 304 1505 σανα
324 1444 396 1524 ete.)
415 1454 522 1505 notum
541 1448 637 1508 faeere
658 1448 723 1505 eme
742 1445 883 1520 erimine,
904 1443 933 1502 li.
946 1462 972 1506 e.
993 1444 1052 1520 ite,
1075 1450 1108 1505 ut
1126 1463 1144 1504 e
1164 1446 1277 1505 nemine
1297 1445 1389 1503 erimi-

237 1553 373 1624 unretur,
402 1548 457 1607 sed
487 1548 529 1607 vir
557 1548 651 1607 bonus
676 1548 841 1626 probusque
868 1544 1032 1605 hebetetur.
1042 1547 1065 1585 “
1105 1546 1275 1625 Bentlejana
1296 1554 1390 1607 entem

235 1650 339 1711 ieetio:
368 1651 433 1707 suae
450 1652 534 1709 erim.
556 1660 684 1718 mmm,
704 1650 724 1710 i.
747 1670 773 1711 e.
795 1654 903 1727 „petre
923 1654 1020 1725 certo,
1040 1648 1168 1709 honestis
1189 1650 1391 1729 perentibue,“

237 1771 324 1831 quum
348 1751 541 1811 conditionem
562 1748 666 1809 Volteii
688 1750 793 1812 Menae
818 1758 852 1811 ut
883 1750 1005 1811 libertini
1025 1750 1158 1829 ignoret,
1191 1773 1245 1832 pro
1273 1753 1392 1831 explosa

236 1860 339 1935 potest
365 1852 474 1913 haberi.
518 1849 613 1909 Verba
642 1870 716 1928 quae
743 1859 900 1933 sequnntur
927 1853 970 1911 Bt
985 1873 1149 1932 properare
1175 1860 1231 1915 ete.
1259 1872 1392 1932 nequeo

236 1976 301 2015 voc.
322 1966 429 2015 uotum
438 1994 451 2026 ,
480 1972 576 2031 neque
597 1952 786 2035 aPartieipio
809 1956 1000 2015 amenum
1027 1956 1110 2035 (elius
1129 1955 1280 2017 Horatium
1300 1958 1392 2034 serip-

237 2060 311 2119 siese
332 2059 465 2117 dixerimt
488 2056 602 2115 Parvo
617 2058 860 2139 gaudeamusque
879 2057 1043 2134 mouns,
1062 2060 1119 2118 vid.
1136 2056 1265 2119 Leibker.
1282 2060 1320 2118 ad
1333 2060 1392 2118 Od.

237 2160 277 2236 3,
308 2159 347 2236 4,
381 2156 447 2237 11.)
474 2164 542 2238 epte
562 2165 646 2238 suut,
679 2161 732 2219 sed
752 2176 787 2219 ex
806 2178 938 2221 sermone
960 2162 1049 2241 ipsius
1070 2161 1173 2227 Menae
1194 2158 1393 2238 inteligendo:

237 2264 283 2322 Et
308 2282 340 2321 ee
358 2279 524 2341 properare
551 2260 615 2319 loeo
642 2271 672 2319 et
692 2280 828 2336 cerem,
858 2269 1010 2342 utrumque
1029 2268 1127 2323 autem
1147 2260 1201 2323 eibi
1221 2262 1395 2322 eontrarium

237 2365 327 2437 Ioeo',
354 2366 383 2428 h.
406 2384 434 2422 e.
456 2365 487 2421 in
506 2363 584 2438 loeo,
605 2365 710 2423 idoneo
731 2369 880 2442 tempore,
913 2364 947 2428 fu
969 2368 1068 2449 καιρῷ
1088 2364 1183 2445 (eujus
1203 2366 1245 2425 rei
1266 2363 1396 2442 mesple

238 2468 285 2529 lsie
314 2466 430 2544 collegit
454 2464 629 2524 Sehmauuo
656 2473 688 2525 et
715 2464 854 2525 Kri'lmer.
883 2468 921 2527 ad
950 2468 1011 2527 Ure.
1032 2466 1131 2528 'Tune
1160 2471 1199 2541 2,
1232 2468 1290 2541 11,
1320 2464 1395 2542 26.).

238 2570 423 2649 Quapropter
441 2567 631 2646 improbanda
648 2574 696 2629 est
714 2568 844 2627 Iuvenes·
861 2569 1078 2648 interpretatio:
1109 2569 1190 2647 „qui
1210 2566 1287 2627 ultro
1309 2567 1396 2626 citro·

238 2692 296 2750 que
324 2674 477 2732 cursitaret
502 2671 625 2731 feeiendi
651 2676 770 2748 questus
800 2671 921 2731 eausa“
948 2677 979 2731 et
999 2668 1107 2729 Romu
1134 2670 1278 2729 sententie
1297 2669 1327 2727 iu
1348 2668 1395 2727 ed.

239 2773 319 2835 Feae
339 2775 504 2854 proposita:
531 2772 736 2851 „properebat
755 2773 821 2832 loeo
841 2773 937 2851 aliquo
959 2778 990 2833 et
1011 2772 1080 2831 subi
1101 2772 1235 2831 censebat
1255 2770 1395 2845 Vulteius,

238 2876 289 2937 nbi
309 2894 328 2935 a
347 2873 501 2954 praeconio
522 2879 652 2951 mahat,
671 2878 760 2951 prout
776 2875 876 2950 jussus
896 2874 993 2933 eret“
1033 2874 1138 2951 Neque
1156 2872 1275 2931 multum
1291 2869 1397 2931 abhor-

239 2984 289 3039 ret
304 2975 490 3045 Rooteder„
510 2976 561 3053 qui
581 2981 731 3053 comparet
746 2982 892 3035 nostrum:
912 2992 1008 3053 „vom
1026 2974 1134 3035 Fleeke
1153 2972 1267 3035 eilen.“
1310 2973 1398 3033 Cete-

240 3098 305 3140 rum
331 3079 373 3137 uti
399 3095 564 3155 properare
592 3081 623 3133 et
651 3094 766 3135 eeeeere
794 3075 922 3135 sedulam
952 3079 983 3136 in
1011 3076 1098 3137 rebus
1128 3077 1250 3154 agendis
1280 3094 1398 3155 operam

241 3180 353 3260 [Sehoi.
384 3179 475 3257 Cruq.
503 3178 646 3235 viatorem
677 3178 721 3238 vel
749 3189 942 3237 Μωωνοω
967 3176 1173 3259 (Commissum
1200 3196 1291 3258 egere
1318 3176 1399 3237 lueri

240 3304 336 3345 oarua
353 3279 497 3360 intelligit]
517 3284 549 3339 et
569 3280 660 3340 otium
687 3278 758 3339 illud
784 3279 886 3356 dulce,
915 3298 973 3359 quo
993 3298 1094 3339 rursus
1120 3280 1249 3359 gandent
1267 3280 1397 3340 homines

240 3385 387 3447 laboribus
407 3382 538 3445 defuncti
560 3380 669 3460 (Epist
694 3385 726 3459 2,
749 3384 780 3458 2,
803 3382 874 3445 183.
917 3380 1014 3445 Burm.
1034 3378 1121 3441 Anu.
1143 3380 1194 3442 lut.
1215 3382 1241 3443 1.
1258 3403 1289 3462 p.
1310 3383 1399 3461 316.)

240 3488 360 3563 iudicat,
382 3488 424 3547 ita
443 3502 586 3564 quaerere
606 3485 646 3543 ed
667 3488 817 3561 queestnm
836 3490 869 3542 et
888 3482 1074 3562 compendio,
1095 3484 1144 3541 uti
1162 3485 1200 3543 ad
1220 3490 1350 3563 sumptus
1370 3491 1401 3545 et

241 3592 399 3669 impensum
429 3588 568 3667 pertinet.
610 3583 706 3662 Atque
731 3586 763 3644 in
791 3592 930 3663 utroque,
963 3591 995 3643 ut
1023 3590 1103 3645 reete
1128 3586 1170 3645 eit
1189 3583 1279 3645 Jenus
1299 3583 1402 3646 Dousa

241 3714 272 3775 p.
290 3693 387 3769 667„
405 3690 525 3751 lienam
542 3688 720 3747 moderatum
734 3706 770 3745 ue
783 3692 990 3765 temperantem
1010 3706 1076 3747 esse
1096 3688 1187 3749 videri
1206 3688 1283 3766 eupit
1298 3687 1400 3749 Poeta.

242 3796 290 3855 cf.
311 3797 375 3855 su·
394 3797 431 3871 29
452 3792 493 3868 3)
517 3790 644 3867 109841.
686 3788 723 3849 A·
743 3786 778 3847 P·
801 3788 876 3851 170·
917 3788 1013 3849 Bentl-
1035 3791 1073 3850 Ul
1093 3789 1349 3867 Sflsslp1238·
1371 3796 1403 3850 et

241 3897 340 3959 Beier.
360 3897 399 3955 ud
418 3894 482 3955 Gne.
504 3892 594 3953 offic.
617 3896 657 3967 2,
691 3891 752 3966 20,
780 3891 833 3953 71.
866 3922 909 3937 -
944 3892 1134 3953 Gurecleretem
1150 3892 1318 3971 parvisque
1337 3890 1401 3953 eod.

243 4011 274 4058 et
293 3998 360 4057 tan
386 4006 475 4055 certo.
519 3995 565 4055 liu
593 3995 738 4055 hominem
764 3990 925 4051 hominihus
957 4012 1027 4055 suae
1055 3996 1143 4053 sortis
1170 3999 1336 4053 contentum
1361 4000 1403 4069 et,

243 4120 317 4182 quee
337 4118 397 4160 non
415 4096 512 4159 intime
532 4097 660 4158 conditio
679 4100 744 4169 est,
765 4094 851 4154 domo
872 4098 952 4155 eerta
972 4096 1123 4157 fruentem.
1169 4094 1296 4155 Sodalee
1317 4096 1403 4156 intel-

243 4205 371 4283 lignmtur
389 4207 440 4261 aut
460 4200 589 4260 honines
610 4197 774 4261 uenditione
796 4193 850 4255 sibi
872 4196 1007 4274 aequales
1026 4198 1109 4279 (inde
1127 4200 1220 4276 paros·
1234 4205 1266 4259 nt
1281 4218 1309 4257 v.
1327 4194 1404 4279 44),

243 4304 346 4385 quibus
365 4302 541 4362 familiariter
562 4303 662 4379 utitur,
683 4307 736 4361 ant
755 4322 791 4363 ex
811 4303 955 4363 sententie
974 4300 1071 4361 Seluol.
1096 4301 1199 4380 Conq,
1219 4320 1305 4380 quem
1324 4308 1405 4363 reete

243 4406 388 4487 improbat
406 4402 566 4480 Deeerius,
590 4410 736 4480 „exoret
756 4404 873 4483 liberi‚“
893 4402 996 4483 quibus
1017 4405 1101 4482 queri
1123 4404 1296 4481 injucunde
1318 4406 1405 4465 soda-

243 4510 306 4571 litio
322 4510 390 4570 vivit
408 4506 501 4566 bonus
519 4504 616 4567 liene.
644 4504 801 4586 Perpetem
818 4506 967 4567 Gunuer:
984 4508 1037 4583 „in
1053 4505 1162 4567 kleiner
1178 4505 1406 4584 Genuueusw

246 4611 322 4671 conf.
343 4610 371 4669 J.
392 4605 513 4671 Merkel.
536 4626 567 4687 p.
589 4606 667 4669 xx1.
712 4609 845 4689 Denique
864 4608 916 4671 lar
935 4618 1048 4685 wrm,
1067 4608 1129 4669 sive
1150 4614 1197 4667 est
1216 4610 1334 4687 propria
1352 4611 1405 4669 do-
