3450 5334
338 515 401 582 142
421 515 700 581 commatum!
720 515 763 573 IN
783 513 949 580 nouum
968 511 1097 572 EPIST.
1116 511 1278 572 SECUND.
1298 515 1374 576 mu.
1388 519 1414 574 1.
1457 517 1501 580 36

338 702 366 750 et
391 688 511 748 ubuum
528 695 639 745 -corttra
665 705 767 743 omnes
795 681 1019 742 moderarum
1039 691 1135 742 cactos
1157 685 1282 762 proprio
1305 695 1502 766 separatoque

337 813 424 872 opere
438 789 661 870 pugrmhimus.
682 788 729 850 Cf.
749 789 854 845 Arutz.
879 782 918 843 ad
938 785 1043 844 caton.
1061 781 1230 862 1110110111,
1248 789 1301 850 20.
1320 809 1352 866 p.
1367 789 1418 852 57.
1460 791 1503 848 ut

337 896 496 968 Horatius,
517 894 560 950 ita
579 891 753 949 Lactantius
771 886 810 947 de
827 886 908 967 Opis.
922 888 979 944 Dei
992 887 1045 950 20.
1059 888 1164 946 vocab.
1186 887 1293 946 melite
1306 891 1435 968 opponit
1447 910 1504 950 rc-

340 998 448 1056 cabulo
464 993 637 1053 obscurum.-
659 993 749 1050 Haec
760 991 806 1048 ad
817 1001 846 1048 te
857 1023 901 1033 -
909 991 1020 1067 parteis
1033 1001 1062 1048 et
1070 989 1228 1049 obsororiue
1233 990 1369 1069 fhrtasse
1374 1035 1388 1066 ,
1410 1015 1504 1073 qrsam

339 1101 441 1158 decuit
446 1141 460 1170 ,
476 1120 535 1177 pro
548 1116 702 1156 rerumne
714 1094 853 1173 tempores
866 1094 1037 1150 necessitate
1045 1094 1208 1172 peroravi,
1227 1091 1337 1172 quibus
1348 1105 1506 1154 contenere

341 1221 402 1260 esce
420 1199 560 1272 debebis,
578 1199 675 1279 plura
688 1207 717 1254 et
733 1195 858 1253 saltora
873 1194 1025 1267 lecturus,
1046 1181 1076 1253 si
1093 1205 1208 1254 010-
1234 1195 1412 1276 Chrysippo.
1458 1199 1504 1257 lle

341 1302 413 1364 chr.
427 1305 556 1379 Solensi,
566 1303 710 1382 ¹principe
721 1299 840 1359 Stoicae
856 1295 1068 1377 philosophiae
1084 1293 1176 1378 (Gall.
1190 1301 1221 1373 6,
1234 1296 1279 1378 2.)
1294 1309 1324 1356 et
1335 1302 1503 1360 multorum

340 1408 488 1467 librorum
502 1407 646 1484 scriptore
657 1400 822 1478 vid..Diog.
837 1401 938 1457 Laert-
951 1401 984 1474 7,
999 1397 1061 1462 188
1074 1419 1131 1475 ss.,
1153 1401 1199 1458 Ol.
1216 1403 1309 1480 Krug.
1321 1399 1503 1461 Geschichte

342 1509 397 1570 der
411 1505 608 1589 Philosophia
626 1508 703 1565 alter
715 1505 784 1562 Zeit
798 1496 826 1582 §
841 1497 923 1576 143,
943 1497 1096 1558 Marbach.
1109 1499 1218 1560 Lehrb.
1231 1506 1256 1562 I.
1271 1525 1302 1584 p.
1317 1505 1390 1568 290.
1410 1505 1503 1563 Orell.

341 1615 495 1674 onomast.
512 1611 599 1671 Tull.
613 1629 644 1689 p.
664 1604 735 1670 144.
751 1625 818 1687 sqq·
841 1615 962 1685 arquos
980 1600 1085 1662 laudat
1100 1603 1274 1683 01146.-
1295 1609 1340 1665 De
1361 1607 1505 1666 &ansae

340 1715 478 1790 Solensi,
499 1713 675 1774 Xenocratis
698 1708 846 1789 discipulo
864 1717 895 1765 et
909 1707 1044 1765 Platonis
1061 1705 1197 1766 auditore
1215 1707 1276 1767 rid.
1293 1711 1385 1788 niog.
1404 1711 1504 1768 lsaert.

342 1815 373 1895 4,
391 1815 498 1899 2400,
515 1818 603 1894 -Krug
618 1815 640 1874 l.
657 1814 680 1872 1.
693 1808 721 1894 §
735 1814 787 1877 82.
802 1821 867 1871 not.
884 1830 913 1889 g.
933 1819 964 1867 et
978 1809 1070 1868 Orell.
1083 1810 1237 1871 Onomast.
1251 1833 1281 1890 p.
1295 1812 1371 1874 201.

426 1922 463 1981 V.
487 1919 519 1984 5.
551 1919 614 1977 (aa
631 1919 677 1975 ito
690 1948 730 1960 -
746 1913 831 1972 aredi.
876 1910 992 1987 Quodsi
1007 1931 1066 1971 van
1087 1911 1232 1972 staveren
1255 1924 1333 1972 recte
1353 1912 1504 1989 observat,

343 2023 500 2097 ,stetim
514 2020 648 2080 iudicare
660 2021 800 2100 aliquem
809 2017 932 2096 longius
945 2016 1034 2075 solito
1049 2025 1150 2074 tenere
1163 2013 1244 2095 apud
1257 2035 1305 2091 se,
1326 2014 1381 2075 sed
1394 2018 1506 2078 rolen-

344 2137 450 2187 temet
463 2124 613 2186 illecebris
628 2121 816 2196 demulsum3
833 2119 975 2178 distineri
993 2117 1054 2178 dici
1068 2138 1135 2194 eos,
1157 2121 1212 2200 qui
1227 2121 1405 2201 plerumque
1416 2121 1507 2179 inviti

343 2231 377 2288 in
401 2251 434 2288 re
453 2225 586 2310 quadam
603 2225 689 2305 gravi
707 2223 846 2302 occupati
862 2222 942 2280 siut:
964 2222 1047 2300 prius
1070 2221 1135 2278 sine
1158 2219 1250 2282 dubio
1276 2222 1343 2281 vult
1363 2225 1509 2284 Horatius

344 2331 438 2413 idque
457 2350 512 2410 per
528 2325 681 2409 quandam
695 2326 825 2385 ironiam
841 2324 910 2399 vel,
931 2333 966 2383 ut
981 2325 1078 2404 Epist.
1098 2323 1129 2398 5,
1143 2324 1205 2400 28,
1226 2321 1318 2383 hilari
1337 2325 1451 2402 animo,
1473 2335 1510 2384 ut

345 2452 453 2494 sensus
469 2433 527 2492 site
551 2429 652 2509 accipe
672 2447 755 2486 nunc
775 2427 895 2487 consilii
913 2428 976 2485 mei
995 2427 1158 2501 rationem,
1179 2425 1240 2486 uisi
1259 2429 1408 2506 negotiis,
1429 2446 1508 2509 qnae

345 2536 444 2616 magis
467 2534 524 2592 tibi
539 2534 661 2612 placent
673 2533 789 2613 tibique
802 2529 903 2609 priora
923 2540 1011 2605 suut,
1031 2525 1193 2608 impeditus
1211 2549 1254 2588 es.
1297 2531 1394 2592 Aliter
1406 2530 1510 2610 Virgi-

346 2641 407 2698 lius
416 2635 492 2717 (Ge.
506 2636 536 2709 1,
550 2631 648 2709 176):
670 2635 800 2692 Possum
812 2629 911 2690 melta
929 2629 986 2688 tibi
997 2641 1299 2710 veterumpraecepta
1312 2633 1423 2713 referre
1428 2676 1443 2706 ,
1463 2634 1513 2692 Νἰ

346 2738 464 2819 effugis
486 2735 641 2814 unusque
661 2736 752 2814 piget
772 2753 947 2814 cogntoecere
970 2755 1069 2792 curae.
1114 2732 1163 2791 Ad
1186 2735 1436 2795 consuetudinem
1460 2736 1511 2795 lo·

349 2839 463 2924 quendi
484 2836 561 2897 haec
578 2837 712 2896 faciunt:
734 2838 797 2897 Cic.
817 2837 915 2916 Epist.
935 2835 974 2896 ad
993 2837 1084 2896 Attio.
1103 2832 1201 2911 4,15.
1220 2855 1340 2910 serem,
1359 2859 1398 2896 ne
1411 2839 1512 2916 lepore

349 2957 378 3004 te
395 2965 450 3004 suo
471 2943 602 3002 detineat
614 2941 731 2999 dumus
742 2938 843 2998 rhetor
860 2937 991 2999 Clodius
1012 2939 1095 2997 (lurt-
1111 2937 1141 3013 5,
1158 2933 1255 3014 5,.20.
1291 2941 1331 2999 Ss'
1348 2963 1421 3021 quos
1436 2959 1509 3002 sors-

348 3048 478 3108 tubemri
490 3064 576 3106 antor
586 3042 737 3102 drewes.
781 3043 852 3102 Alia
864 3039 926 3102 vid.
943 3061 992 3120 ap.
1006 3037 1145 3100 Schmid.

433 3152 469 3210 V..
487 3151 519 3214 6.
547 3144 668 3205 Fabula
683 3177 723 3189 -
738 3164 880 3204 aurorane.
907 3144 1074 3203 Narratur.
1111 3139 1214 3203 Schol.
1234 3143 1342 3225 qus
1365 3148 1424 3222 „ab
1445 3150 1511 3208 Ho-

345 3253 467 3314 mero.“
508 3252 552 3309 At
571 3249 662 3307 facile
683 3245 876 3322 crediderim,
904 3247 1077 3322 Horatium,
1107 3264 1203 3326 quum
1224 3248 1348 3309 Passiro
1367 3260 1512 3327 uteretur,

350 3353 430 3414 hanc
443 3351 647 3410 narrationem
664 3349 697 3408 in
713 3369 876 3408 numerum
895 3349 1067 3408 fabularum
1082 3351 1268 3428 patticarum
1287 3353 1442 3429 retulisse,
1463 3354 1514 3412 vel

353 3457 446 3514 etiam
468 3453 544 3511 alios
567 3453 736 3532 respexisse
751 3453 925 3531 scriptores,
946 3454 1001 3532 qui
1022 3452 1139 3510 bellum
1158 3453 1326 3530 Trojanum
1346 3456 1437 3516 altius
1462 3476 1512 3514 re-

352 3565 490 3638 petentes
513 3573 566 3613 res
587 3565 656 3613 ante
682 3552 815 3612 Iliadem
832 3555 1024 3613 Homericam
1046 3564 1145 3632 gestas
1167 3555 1268 3615 *fusius
1292 3567 1512 3632 enarraverunt,

347 3656 438 3742 quod
452 3658 569 3738 cypriis
585 3657 768 3716 canninibus
779 3656 894 3714 iactum
909 3675 975 3714 esse
989 3658 1110 3731 scimus,
1124 3657 1157 3715 in
1172 3659 1282 3739 quibus
1295 3661 1395 3720 Venus
1408 3657 1513 3718 Paridi

352 3765 502 3824 Helenam
517 3760 692 3840 promisisse
715 3768 805 3840 atque
827 3758 867 3816 ob
891 3775 959 3816 eam
980 3778 1045 3816 rem
1062 3760 1159 3838 prima
1181 3762 1255 3820 belli
1273 3763 1398 3841 Trojani
1422 3781 1514 3822 causa

354 3865 507 3925 exstitisse
521 3861 642 3922 dicitur.
678 3861 752 3924 vat
773 3860 810 3919 de
823 3859 872 3921 his
889 3862 1069 3920 carminibus
1090 3863 1188 3943 Heyn.
1205 3864 1332 3924 Excurs.
1347 3867 1371 3924 1.
1386 3863 1427 3924 ad
1438 3868 1515 3925 Aen.

354 3973 393 4029 ιι
413 3991 445 4050 p,
458 3969 539 4033 390.
553 3964 601 4026 ed.
621 3965 691 4025 Wr.
706 3962 853 4026 Welcker
866 3966 888 4023 l.
903 3964 926 4022 l.
938 3986 969 4046 p.
984 3963 1036 4026 81.
1057 3983 1124 4046 sqq.
1167 3964 1305 4026 Eandem
1331 3988 1412 4044 rem,
1433 3980 1469 4029 ut
1485 3966 1516 4027 h.

355 4072 388 4146 l.,
408 4071 506 4152 tangit
522 4072 596 4129 Hor.
614 4067 677 4127 Sat.
697 4067 729 4143 1,
746 4067 778 4141 8,
800 4067 871 4130 107.
894 4066 932 4130 cf.
953 4063 1076 4124 Mitsch.
1095 4065 1136 4126 ad
1157 4067 1212 4127 Od.
1237 4071 1266 4144 1,
1293 4069 1344 4146 15,
1365 4072 1458 4153 1sq.,
1480 4070 1518 4130 ad

356 4172 413 4233 0d.
427 4174 458 4250 8,
476 4173 507 4248 8,
524 4173 565 4237 19
579 4190 625 4253 sq.
644 4166 676 4245 4,
700 4169 731 4244 9,
751 4168 791 4232 18
805 4188 872 4251 sqq.
913 4171 951 4228 ln
963 4171 1097 4250 Epitom.
1109 4170 1196 4231 Iliad.
1208 4174 1297 4231 Hom.
1311 4171 1386 4236 288.
1408 4175 1474 4254 (IV.
1488 4195 1517 4252 p.

355 4273 429 4337 616.
442 4272 587 4334 Wernsd.
603 4277 639 4332 1).
657 4274 725 4331 Irat.
738 4266 796 4354 M.)
813 4270 924 4331 dicitur
937 4271 1023 4330 Bettt
1035 4293 1129 4332 cauas
1141 4275 1233 4332 Pars
1238 4317 1252 4346 ‚
1263 4277 1385 4352 parma
1390 4277 1520 4356 fucata

359 4379 460 4434 ruina.
477 4409 516 4423 —-
538 4372 693 4436 Plutarch.
714 4374 834 4453 conjug.
858 4385 1008 4454 praecept.
1032 4377 1081 4435 vt
1104 4396 1136 4456 p.
1157 4376 1230 4440 582.
1246 4409 1287 4421 -
1310 4371 1374 4441 o‘d'
1393 4375 1520 4440 ἐκείνων

360 4477 492 4554 (Paridis
524 4489 556 4538 et
584 4477 732 4558 Helenae)
763 4469 859 4559 γάμος
881 4469 993 4540 Ἰλιάδα
1014 4481 1116 4540 κακῶν
1128 4473 1254 4560 Ἕλλησι
1276 4477 1329 4542 sat
1353 4475 1523 4561 βαρβάροις

361 4576 513 4659 ἐποίησεν.
555 4579 641 4639 ldem
660 4579 697 4638 de
716 4582 850 4639 Fortama
868 4581 918 4640 VI.
935 4601 966 4661 p·
981 4581 1054 4646 868.
1072 4583 1099 4641 R
1130 4579 1198 4646 o‘dl
1215 4575 1376 4666 Πριάμου,
1397 4579 1523 4663 δαίμονι
