3450 5334
236 528 285 593 93
347 524 634 589 cornuuNTluu
654 526 700 587 IN
719 525 1291 590 floulTnLlss.1.EP1sT.su1’T.
1334 524 1398 591 365

237 734 335 775 rerum
354 716 478 793 pretium
499 716 598 793 norit,
631 716 709 793 quod
729 721 840 775 rectum
861 716 898 774 de
919 714 1006 773 rebus
1023 714 1160 792 judicium
1175 714 1326 795 prohibet,
1360 734 1397 773 ne

238 819 269 877 iu
294 817 436 878 beneficio
467 816 633 876 collocando
664 817 710 876 vel
731 819 974 894 inconsideratus,
1011 818 1057 877 vel
1078 819 1215 896 prodigus
1238 821 1275 878 sit
1293 836 1396 877 eureos

239 920 283 979 nti
309 920 423 997 lupinos
444 918 606 978 ellimdens.
662 918 718 977 Alii
743 926 775 979 ut
804 919 854 977 Fr.
882 919 999 979 Jacobs.
1022 939 1052 998 p.
1077 916 1148 983 114.
1178 922 1231 981 itu:
1274 919 1397 999 „probe

240 1024 394 1103 perspicit,
427 1039 502 1099 quse
531 1023 608 1080 dous
633 1040 733 1081 verum
759 1021 884 1082 habeant
913 1022 1053 1099 pretium,
1089 1040 1163 1100 quae
1190 1024 1322 1099 exiguum
1347 1027 1398 1080 nut

239 1124 363 1200 nullum,
396 1141 470 1200 quoe
490 1141 703 1202 supervacaneo
725 1132 812 1202 utque
833 1124 956 1200 inutilis,
987 1122 1117 1200 qualibus
1137 1124 1306 1203 plerumque
1325 1122 1397 1182 ami-

242 1248 292 1287 cos
312 1227 459 1286 tenuiores
480 1226 603 1285 cumulat
622 1227 760 1286 stultus.“
801 1228 860 1296 Qui
878 1224 974 1286 verbis
996 1225 1063 1283 Nec
1084 1226 1397 1306 commitendam,

241 1348 300 1389 non
319 1330 530 1407 pondersrunt,
553 1328 624 1387 haec
647 1330 738 1390 rerba
758 1329 884 1389 Cnlsbro
905 1328 944 1388 illi
964 1328 1070 1407 hospiti
1091 1328 1177 1408 pleno
1198 1348 1285 1387 succo
1305 1326 1397 1386 effim-

241 1431 322 1489 denti
348 1450 414 1489 esse
443 1434 586 1510 oppositu.
647 1432 694 1498 cf,
719 1432 782 1490 Juv.
812 1430 870 1507 14,
907 1431 958 1496 25.
1021 1431 1127 1509 Neque
1162 1429 1311 1506 Orelltuc,
1350 1426 1398 1503 qui

239 1532 332 1608 hanc,
362 1550 449 1609 quum
467 1535 634 1611 posuimos,
662 1533 879 1613 explicationem
899 1532 1060 1613 improbet,
1088 1534 1157 1611 quia
1182 1534 1266 1610 „hnc
1286 1532 1398 1589 ratione

241 1632 386 1692 beneficus
405 1633 452 1693 ille
473 1634 571 1695 subito
593 1639 698 1697 evadet
714 1637 847 1695 sordidus
866 1642 1012 1697 veterator
1020 1636 1055 1714 ,⁴⁶
1074 1654 1184 1695 memor
1204 1637 1259 1695 suit
1279 1635 1397 1693 Cicero-

239 1736 317 1795 niaui
337 1734 410 1794 illius
432 1735 500 1814 loci,
519 1758 614 1816 neque
630 1740 758 1798 Senem
776 1739 813 1797 de
834 1739 935 1797 Renes.
956 1742 986 1816 1,
1008 1742 1039 1802 7.
1083 1737 1187 1797 Multo
1203 1738 1325 1816 gratim
1345 1752 1399 1791 νε-

239 1841 307 1909 m'i,
328 1837 411 1917 ΨΜ
421 1838 517 1917 sacili
521 1883 534 1911 ,
556 1862 650 1920 quam
671 1842 754 1921 quod
768 1842 863 1920 plena
884 1862 980 1899 manu
1000 1840 1102 1899 datur.
1147 1838 1211 1900 Nos
1232 1855 1347 1914 quoque
1369 1835 1398 1891 in

241 1942 343 2001 endem
363 1960 395 1999 re
415 1942 549 2001 dicimus:
584 1946 701 2021 „erist
720 1944 907 2023 wohlthitig,
943 1943 1017 2002 ohne
1040 1950 1129 2003 etwas
1149 1934 1398 2019 wegzuwerfen.“

239 2044 326 2104 Multi
346 2043 470 2123 denique
489 2044 520 2101 iu
540 2046 752 2123 comparatione
772 2046 884 2106 illorum
901 2066 964 2121 vv.,
987 2044 1065 2124 quid
1083 2044 1152 2103 dot.
1177 2064 1249 2102 aera
1270 2040 1398 2119 lupiaco,

240 2146 282 2203 its
302 2145 486 2222 dissentiunt,
507 2153 618 2205 utnon
639 2167 735 2208 rernm
755 2149 882 2227 pretium
904 2148 959 2208 rite
979 2148 1198 2226 ponderandum
1211 2144 1399 2223 significetur,

241 2246 295 2304 sed
314 2244 461 2306 homiuum
482 2247 646 2326 diversitas,
668 2268 725 2327 qun
746 2252 789 2309 vir
809 2248 906 2307 bonus
926 2256 956 2309 et
973 2248 1122 2309 beneficus
1144 2250 1246 2327 dignos
1267 2246 1304 2305 ub
1324 2246 1399 2304 indi-

241 2348 306 2427 guis
331 2350 489 2426 prudenter
515 2352 683 2430 distinguat.
728 2354 804 2429 Qui,
842 2356 884 2413 uti
904 2350 1118 2411 Doederliniue
1127 2393 1140 2421 ,
1173 2370 1201 2409 r.
1223 2349 1326 2428 dignis
1344 2364 1399 2426 pro

241 2447 374 2510 Ablatiro
395 2472 463 2529 gen.
477 2454 606 2511 neutrius
626 2452 745 2531 hebent,
767 2455 833 2533 sibi,
856 2476 942 2533 quum
959 2456 1000 2513 itu
1020 2456 1256 2531 interpretentur,
1277 2468 1401 2509 consen-

241 2554 319 2613 tanei
339 2561 418 2630 sumt,
446 2552 579 2613 Orelliuc
599 2553 683 2615 aliter
702 2564 834 2616 statuens
848 2577 906 2617 non
920 2559 998 2616 item.
1041 2556 1091 2615 Sic
1105 2556 1178 2613 enim
1191 2552 1401 2613 incommodum

241 2657 437 2739 ταυτολογίας
454 2657 561 2716 crimen
574 2658 697 2717 Horatio
717 2660 893 2737 impingitur.
937 2659 1041 2718 Melius
1062 2658 1150 2735 igitur
1168 2654 1300 2733 procedit
1316 2653 1401 2710 Doc-

242 2757 366 2816 derlinii
385 2758 488 2819 horum
507 2780 643 2819 versuum
662 2762 877 2837 interpretatio:
899 2759 972 2837 „Vir
992 2759 1087 2818 bonus
1108 2776 1142 2817 nc
1161 2758 1277 2835 sepiens
1300 2760 1402 2814 contre

241 2861 280 2920 nd
302 2880 337 2920 es
358 2860 492 2918 donanda
511 2866 629 2937 paratus
647 2868 703 2937 est,
725 2879 804 2938 qum
825 2860 923 2939 dgna
944 2882 975 2918 ce
994 2861 1045 2918 vel
1062 2862 1159 2919 amuco
1180 2868 1252 2917 cunt
1271 2876 1305 2916 nc
1327 2856 1401 2915 bene

242 2966 445 3040 sapienterque
465 2962 580 3037 dentur,
600 2980 659 3019 nou
680 2968 777 3021 tumen
798 2962 915 3021 cuilibet
935 2962 1072 3040 largiens,
1093 2963 1147 3021 sed
1161 2961 1259 3021 electis
1276 2962 1401 3038 prudeu-

242 3072 289 3124 tcr
309 3070 340 3122 et
360 3060 489 3141 probetis
510 3069 578 3121 aute
599 3063 713 3134 nmicis3
741 3081 796 3122 nec
818 3064 893 3122 enim
914 3065 1028 3141 ignoret
1043 3065 1111 3141 quid
1129 3064 1239 3122 dictent
1257 3081 1330 3119 aera
1351 3060 1402 3117 lu-

237 3168 343 3246 pinis,
373 3165 452 3241 digni
472 3165 555 3223 amici
575 3164 612 3222 ab
633 3165 773 3242 indignis;
805 3167 847 3225 ito
870 3172 902 3224 ut
921 3167 967 3224 cui
987 3166 1143 3245 largiatur,
1173 3165 1296 3226 eundem
1316 3164 1402 3223 etium

244 3270 323 3347 diligi
342 3286 361 3325 a
381 3286 414 3326 se
437 3272 467 3326 et
487 3270 584 3345 magni
604 3269 749 3326 aestimari
769 3267 941 3345 profiteatur
963 3276 993 3327 et
1019 3274 1206 3328 contestetur.
1214 3268 1238 3305 “
1279 3266 1401 3325 Errnsse

243 3378 339 3431 autern
362 3370 430 3429 mihi
450 3368 568 3449 quidem
587 3369 618 3427 in
647 3386 682 3427 eo
703 3369 816 3429 videtur
836 3368 887 3427 tur
908 3372 1108 3446 doctissimus,
1144 3371 1223 3447 quod
1244 3369 1398 3429 antithesin

242 3476 377 3535 relatione
398 3472 558 3533 sententiae
577 3491 655 3549 quas
674 3473 791 3548 spernit
811 3482 839 3528 et
859 3472 924 3531 odit
945 3473 974 3530 iu
990 3490 1018 3531 v.
1035 3472 1138 3551 dr'gnic
1159 3472 1239 3548 vidit,
1259 3490 1346 3549 quum
1366 3490 1401 3529 en

243 3582 282 3639 sit
308 3580 338 3637 in
366 3596 412 3636 rr.
434 3574 503 3633 Nec
523 3583 626 3630 tomen
654 3604 693 3617 -
725 3571 850 3651 lupinis.
896 3572 942 3635 Dc
970 3574 1084 3652 lupinis
1113 3573 1150 3632 ab
1171 3572 1355 3633 histrionibus
1373 3575 1403 3631 in

244 3700 332 3741 scene
356 3686 387 3741 et
410 3677 448 3738 nh
472 3672 647 3734 aleatoribus
675 3676 758 3753 quusi
786 3675 887 3735 fictitia
914 3677 1037 3755 pecunia
1056 3676 1200 3755 usurpetis
1221 3675 1279 3737 vid.
1301 3674 1329 3733 T
1330 3693 1399 3753 orn,

244 3784 341 3841 Schm.
357 3787 388 3841 et
402 3778 492 3840 Orell.
510 3777 548 3835 ud
559 3775 590 3835 h.
601 3776 621 3835 l.
638 3783 668 3835 et
678 3776 812 3837 Werusd.
824 3779 862 3837 nd
873 3776 1009 3838 Priscian.
1022 3781 1059 3839 de
1070 3777 1161 3843 Pond.
1173 3776 1401 3840 ethicorum-12.

329 3881 365 3940 V.
395 3878 446 3947 24.
497 3880 641 3958 Dignum
661 3879 825 3957 praestabo
852 3903 900 3941 me
929 3883 1020 3939 etiam
1044 3901 1103 3961 pro
1132 3880 1223 3939 laude
1250 3879 1402 3948 merentis,

246 3986 265 4044 i.
286 4003 313 4043 e.
341 4001 427 4059 „ego
448 4000 564 4058 quoque
585 4001 640 4061 pro
660 3998 713 4058 en,
742 3984 885 4061 qusquis
909 3986 946 4045 dc
968 4004 1015 4045 me
1036 3985 1155 4059 meruit,
1188 3982 1274 4041 leude
1289 4000 1325 4040 ec
1345 3982 1404 4039 rir-

245 4093 309 4145 tute
326 4104 374 4143 me
393 4083 518 4141 vicissim
537 4082 692 4161 praestabo
714 4084 798 4143 donis
820 4086 958 4164 dignum,
996 4087 1057 4147 sive
1077 4085 1184 4161 telem,
1220 4084 1332 4164 qualem
1353 4090 1404 4141 tun

247 4189 286 4247 de
305 4206 352 4245 me
373 4186 509 4244 merentis
529 4184 656 4262 postulet
672 4183 734 4243 leus
749 4191 836 4264 utque
856 4188 985 4247 uirtus.“
1027 4188 1108 4249 Haec
1126 4193 1233 4264 antem,
1253 4194 1287 4245 ut
1306 4186 1403 4245 Hore-

246 4290 304 4349 tius
324 4293 404 4347 tecte
424 4284 582 4363 significet,
603 4288 633 4344 in
655 4304 690 4343 eo
712 4289 856 4366 cernitur,
878 4290 958 4367 quod
978 4290 1033 4348 sihi
1050 4296 1151 4368 utpote
1171 4288 1285 4366 digno,
1311 4306 1404 4365 neque

247 4386 463 4449 inconsiderato
494 4386 580 4447 stulte
607 4389 794 4469 prodigorum
820 4394 928 4467 instar,
961 4390 1085 4469 benigue
1112 4391 1213 4449 fecerit
1240 4390 1403 4449 Maecenas.

247 4491 354 4552 Dubito
373 4491 478 4568 igitur,
502 4508 572 4549 num
591 4499 671 4551 recte
692 4498 762 4571 post
776 4512 804 4551 r.
827 4514 875 4551 me
895 4494 1086 4571 distinguent,
1108 4498 1142 4549 ut
1161 4510 1196 4551 er
1218 4491 1405 4551 Mituoherli-

248 4593 312 4654 chii
330 4592 567 4675 interpretatione
582 4594 727 4654 sententio
746 4594 817 4655 hoec
837 4596 891 4655 sit:
928 4602 1018 4673 „turn
1038 4598 1153 4675 gratum
1173 4612 1220 4655 me
1249 4594 1300 4654 tibi
1320 4610 1403 4673 pree·
