3450 5334
350 491 413 554 154
436 494 716 556 communen
736 499 777 555 IN
794 497 962 556 neuim
980 497 1298 559 unumunurm.
1319 501 1396 560 ΜΒ.
1415 502 1441 558 l.
1486 499 1528 566 48

434 665 471 723 V.
483 665 538 728 26.
566 665 695 724 Vixisset
707 667 844 724 αατιίο-
857 687 919 726 sus.
964 667 1005 726 Et
1018 669 1092 726 caui
1104 677 1134 726 et
1148 671 1199 726 uui
1210 671 1375 751 antiquitus
1389 665 1443 728 hie
1459 671 1526 730 illie

348 787 412 827 nou
432 769 533 828 solum
548 777 655 827 notum
670 764 898 842 immunditiae,
920 785 1028 827 verum
1051 771 1143 828 etiam
1160 769 1297 832 libidinis
1312 783 1342 831 et
1354 774 1450 831 enimi
1463 771 1526 832 hu·

350 873 473 930 millimi
486 871 614 945 inussit,
636 889 696 951 que
712 891 744 928 re
760 869 919 929 observata
933 866 986 930 hie
999 874 1084 932 loeus
1098 874 1131 930 in
1146 875 1272 933 clariore
1284 876 1374 955 quusi
1388 877 1457 934 luce
1468 877 1526 934 erit

350 979 476 1057 positus.
506 972 575 1036 vid.
588 973 717 1032 Biinem.
733 969 774 1031 ed
788 975 928 1033 Laetant.
942 977 1017 1033 lnst.
1032 974 1064 1050 3,
1081 975 1112 1051 8,
1125 975 1156 1036 9.
1185 976 1320 1047 Varum,
1341 980 1456 1059 unquis,
1469 978 1524 1036 oi>-

351 1101 475 1138 eeoeuue
487 1079 588 1147 uanis,
612 1085 669 1132 aut
679 1096 732 1134 sue
744 1075 797 1134 itta
808 1074 986 1134 lutulentus.
1010 1079 1132 1137 Petron.
1146 1073 1197 1140 24.
1219 1079 1324 1138 Bum.
1341 1081 1384 1139 ibi
1395 1103 1427 1162 p.
1445 1083 1521 1146 367.
1626 1153 1629 1160 Ι

353 1183 462 1262 Itaque
478 1181 647 1238 Fortunata
655 1223 670 1251 ,
691 1189 727 1237 ut
747 1200 783 1236 ex
803 1181 964 1258 acquosus
974 1177 1106 1253 firmum
1121 1177 1325 1258 approbaret,
1346 1185 1525 1244 maledicere

358 1282 609 1343 liuuuleluenem
632 1285 731 1361 eoepit
750 1293 778 1339 et
790 1291 1030 1360 purgamentum
1053 1281 1239 1362 dedecusque
1253 1285 1452 1362 praeducere,
1469 1289 1527 1367 qui

353 1409 416 1446 uon
431 1387 591 1445 contineret
600 1383 757 1443 libidinem
768 1405 867 1443 main.
919 1383 1032 1443 Ultimo
1050 1387 1142 1443 etium
1155 1385 1282 1459 adjecit,
1304 1390 1398 1447 οαηὶο.
1444 1390 1523 1450 Inde

353 1510 403 1570 οΡ.
426 1486 552 1549 Hesiod.
564 1483 651 1570 Ἕργ.
667 1490 720 1551 67.
740 1488 863 1551 Κόννον
883 1480 969 1564 νόον,
990 1487 1044 1545 ubi
1063 1486 1255 1569 Moschopul.
1275 1484 1333 1570 τὴν
1349 1487 1442 1566 κυνός
1462 1493 1521 1574 οη-

353 1586 458 1673 iuviti
472 1585 632 1652 όναίὃααν
650 1589 765 1671 ἔχοντα.
786 1587 909 1649 Seliich.
926 1587 1019 1649 sandi
1031 1591 1137 1650 Roeer.
1150 1610 1181 1670 Ρ.
1196 1593 1271 1654 261.
1286 1593 1520 1668 „creaturarum

353 1693 612 1776 praestantissime
638 1690 732 1753 homo
752 1701 816 1768 est,
838 1693 986 1752 vilissima
1004 1695 1118 1754 esuis.“
1161 1694 1230 1750 Alia
1247 1691 1284 1751 de
1302 1713 1415 1756 eanum
1434 1718 1521 1778 sym-

352 1798 469 1896 ΙΡοὶίοο,
488 1814 582 1876 quum
608 1791 729 1871 dietmt,
751 1794 971 1874 significatione
993 1795 1190 1878 suppeditant
1207 1797 1337 1876 interpp.
1353 1798 1394 1858 ad
1408 1801 1523 1876 Sati,

354 1903 385 1975 2,
409 1899 461 1962 66.
489 1895 599 1956 Getek.
618 1895 698 1956 Λᾶν.
722 1899 808 1958 mise.
828 1895 930 1979 pesth.
956 1920 983 1958 ο.
1006 1900 1059 1962 88.
1075 1920 1106 1979 Ρ.
1122 1901 1197 1964 825.
1214 1900 1347 1960 Taubm.
1365 1901 1405 1961 ud
1419 1905 1522 1972 itaut.

354 2002 487 2063 mostell.
510 2002 539 2076 1,
562 2003 592 2076 1,
614 1998 666 2066 40.
683 2012 715 2059 et
729 2000 769 2060 ad
782 2003 867 2081 virg.
886 2003 941 2068 Ge.
959 2003 987 2075 1,
1011 1998 1086 2064 470.
1105 2000 1228 2061 Weieh.
1246 2001 1284 2061 de
1298 2002 1407 2063 Medea
1422 2017 1522 2066 oestro

355 2107 470 2188 percite
480 2126 513 2186 Ρ.
530 2105 562 2166 9.
584 2101 746 2166 sillem.
761 2107 870 2164 Lexie.
882 2123 954 2164 nov.
969 2106 1055 2163 Test.
1071 2123 1099 2162 v.
1112 2099 1209 2167 κότον.
1231 2106 1265 2163 0.
1278 2107 1337 2166 (iu.
1351 2110 1473 2168 Miiller.
1489 2110 1523 2168 iu

356 2212 456 2271 Germ.
469 2205 636 2268 Simonidis
656 2205 694 2266 de
711 2209 890 2268 mulieribus
904 2209 1056 2286 inscripto.
1078 2208 1185 2284 ienae,
1203 2208 1299 2272 1881.
1314 2230 1347 2288 p.
1362 2212 1415 2274 21.
1437 2215 1524 2270 Hen-

355 2315 479 2391 ueberg.
500 2309 540 2370 ed
556 2312 673 2389 Evung.
689 2309 798 2370 matth.
812 2315 843 2387 7,
866 2314 896 2374 6.
912 2341 955 2356 -
970 2307 1146 2367 immundus
1153 2352 1167 2382 ,
1188 2320 1223 2368 ut
1240 2313 1426 2370 Graecorum
1447 2307 1524 2376 α’κό-

355 2422 600 2497 &epioe-sue.
645 2413 698 2472 δίο
716 2415 812 2492 Epist.
835 2414 867 2487 2,
888 2413 919 2487 2,
939 2411 990 2475 75.
1009 2421 1039 2470 et
1051 2413 1166 2472 Auson.
1183 2415 1280 2493 Epist.
1296 2415 1347 2489 10,
1364 2415 1417 2478 25.
1436 2415 1523 2475 lutu-

357 2517 440 2575 ientu
464 2536 529 2586 uu,
553 2515 653 2574 lutosa
672 2536 725 2573 uu
747 2516 852 2574 Burm.
872 2513 965 2574 Alth.
986 2519 1039 2576 lut.
1058 2519 1097 2574 Π.
1122 2536 1154 2596 Ρ.
1178 2515 1252 2579 562.
1266 2513 1450 2596 χαμαιεννός
1470 2538 1523 2598 ap.

356 2622 524 2680 Homermn
544 2616 601 2677 od.
623 2619 672 2692 10,
693 2614 767 2680 248.
795 2619 923 2676 Lucisu.
949 2616 987 2677 de
1007 2619 1153 2699 Gymnas.
1181 2620 1213 2681 1.
1238 2617 1291 2682 uui
1308 2619 1342 2682 ἒν
1363 2623 1409 2704 τρῖ
1432 2623 1525 2706 πηλῷ

356 2714 623 2802 συναναφύρονται
646 2714 880 2800 καλινδούμενοι
907 2712 1005 2802 όρπερ
1036 2713 1121 2796 σόος,
1150 2717 1234 2778 idem
1263 2720 1442 2782 bisileens.
1466 2724 1520 2787 20.

354 2817 502 2902 tistitus
517 2817 576 2904 γόρ
597 2820 632 2885 ἐν
649 2827 694 2909 τρῖ
710 2817 848 2905 παρόντι,
869 2815 982 2904 πότερα
1001 2821 1112 2905 χοίρων
1132 2821 1222 2902 δίκην
1236 2817 1415 2898 νενευκότας
1427 2823 1522 2902 νότον,

355 2924 527 3010 ἡδομένους
553 2925 603 2989 δεῖ
626 2927 690 3006 ξῆν,
721 2920 816 3006 μηδὲν
841 2918 1036 3007 μεγαλόφρον
1059 2923 1274 3004 ἐπινοοῦντας,
1302 2924 1458 2987 Plutarch.
1482 2925 1522 2987 de

356 3032 455 3092 Sanit.
468 3026 574 3088 tueud.
588 3030 638 3089 Vl.
654 3049 686 3109 Ρ.
699 3025 773 3120 489.
789 3024 893 3108 (usk.)
909 3025 998 3090 συσὶν
1012 3025 1063 3090 tut
1074 3033 1199 3115 φορυτῷ
1215 3023 1453 3113 μαργανοόααις.
1475 3028 1522 3089 ld.

356 3135 496 3215 Sympos.
509 3128 540 3208 4,
557 3131 587 3196 5.
602 3133 682 3193 vm.
696 3153 727 3212 Ρ.
743 3131 817 3195 667.
858 3131 905 3189 no
919 3129 1087 3210 symbolica
1103 3132 1324 3212 significatione
1346 3133 1386 3192 uf.
1400 3135 1520 3192 Lueret.

356 3240 395 3312 6,
413 3237 478 3299 977
497 3246 555 3294 ete.
593 3234 679 3294 Serv.
701 3232 742 3292 ud
760 3236 841 3313 Virg.
869 3236 903 3293 in
923 3253 994 3292 ann.
1015 3235 1090 3310 erit,
1113 3235 1133 3294 l.
1157 3236 1279 3294 Miiller.
1304 3232 1346 3294 ed
1367 3234 1521 3296 Shnouid.

357 3337 464 3401 1-5.
481 3357 514 3416 Ρ.
532 3339 582 3399 10.
608 3337 694 3396 voss.
714 3334 827 3395 Theoi.
852 3336 959 3414 gentil.
980 3335 1010 3410 8,
1036 3337 1089 3398 62.
1111 3357 1143 3416 Ρ.
1165 3337 1259 3426 1963.
1279 3338 1311 3414 3,
1337 3337 1390 3402 58.
1408 3339 1460 3404 59.
1485 3358 1517 3418 Ρ.

357 3437 452 3505 1044.
474 3437 523 3498 ed.
537 3435 690 3498 Amiterd.
713 3438 804 3502 1642.
819 3439 949 3502 Maerob.
969 3438 1090 3498 Seium.
1108 3440 1139 3514 2,
1156 3437 1186 3500 8.
1200 3459 1231 3521 Ρ.
1245 3441 1320 3505 879.
1333 3443 1381 3518 Ζ,
1402 3445 1521 3500 uranu.

356 3542 477 3622 Adagg.
496 3538 528 3618 4,
549 3542 581 3618 8,
601 3542 653 3604 62.
676 3551 707 3600 et
724 3544 822 3604 torst.
840 3537 879 3598 de
893 3538 1012 3621 Adugg.
1033 3543 1071 3600 N.
1087 3543 1126 3601 Τ.
1145 3561 1171 3601 ο.
1184 3539 1234 3618 4.,
1256 3563 1350 3626 quem
1364 3542 1404 3602 ed
1420 3545 1519 3623 Epist.

356 3649 439 3705 Petr.
451 3648 483 3720 2,
504 3647 536 3720 2,
558 3645 612 3708 22.
632 3646 706 3704 uitet
727 3646 793 3704 Jue.
810 3641 849 3703 de
872 3641 973 3704 Rhose
989 3645 1022 3701 in
1043 3645 1138 3703 Feriis
1150 3645 1294 3704 Deventr.
1311 3666 1344 3726 p.
1357 3641 1430 3708 224.
1452 3645 1520 3725 ΑΡ-

357 3750 455 3830 prime
467 3748 589 3807 Firmis.
607 3744 645 3806 de
661 3750 761 3808 Error.
774 3747 854 3828 prof.
872 3747 958 3825 relig.
978 3765 1005 3805 ο.
1020 3747 1052 3808 9.
1078 3746 1142 3806 Sed
1150 3747 1233 3820 vide,
1251 3759 1287 3806 ut
1299 3746 1419 3806 adulter
1433 3745 1522 3804 Deus

357 3853 502 3910 muitum
516 3852 646 3910 vimeret
666 3850 749 3930 quod
765 3849 826 3909 eibi
839 3869 948 3928 οονΡαο
970 3847 1079 3928 elegit,
1095 3869 1209 3927 Ρονοιιο
1230 3871 1291 3910 esee
1303 3849 1434 3909 mittit:
1454 3850 1542 3929 qui„

357 3957 386 4014 si
397 3952 529 4012 habebat
545 3955 678 4033 corporis
693 3953 835 4013 mutendi
841 3961 1021 4032 potestatem
1028 3993 1043 4023 ,
1063 3951 1156 4011 leonte
1167 3953 1269 4012 debuit
1276 3954 1382 4032 potius
1393 3955 1524 4030 speeiem

349 4058 546 4139 firmaretque
564 4059 722 4135 suscipere.
772 4056 836 4116 Sed
853 4056 967 4114 leonem
982 4053 1109 4126 dieunt,
1130 4055 1185 4134 qui
1197 4065 1326 4114 natiuae
1338 4053 1525 4114 aumatium

358 4171 489 4232 uorum,
510 4163 544 4219 in
561 4159 619 4218 itta
638 4159 765 4240 agrestis
782 4159 882 4216 auinii
894 4157 1022 4238 firitate
1037 4157 1208 4236 pudicitiae
1225 4177 1344 4219 iuuare
1367 4157 1521 4217 virtutem.

359 4263 471 4320 Merito
493 4264 590 4342 igitur
612 4261 653 4320 ab
673 4260 811 4320 adultero
831 4259 925 4319 ieonis
944 4261 1095 4338 epemimr
1105 4259 1216 4340 firma
1237 4271 1266 4319 et
1281 4257 1441 4320 libidinosi
1453 4261 1526 4317 urii-

360 4361 450 4419 melis
477 4363 609 4442 eligium
662 4364 783 4424 Similia
811 4362 904 4423 hebet
930 4364 1036 4422 Festus
1058 4379 1088 4425 τ.
1114 4361 1242 4422 amttam
1267 4385 1367 4442 genus
1391 4383 1424 4444 p.
1448 4358 1527 4424 247.

359 4461 501 4524 liudem.
522 4463 569 4544 (p.
593 4465 665 4530 192.
685 4479 716 4527 et
736 4465 809 4532 456.
835 4463 1006 4543 Gothofr.):
1034 4465 1270 4527 immundissimi
1294 4487 1363 4528 sues
1387 4485 1423 4526 ex
1442 4465 1530 4524 omui

361 4556 515 4624 mansueto
524 4587 632 4644 pecore
644 4581 672 4626 et
683 4569 910 4629 ardentissimae
922 4567 1067 4628 libidinis.
