3450 5334
316 532 359 596 84
422 523 703 595 contemnunt!
729 534 770 592 ln
794 532 962 594 nonem
983 531 1114 593 EPIST.
1136 533 1244 593 Pilllll.
1271 534 1394 594 nme

319 705 421 778 hintes,
447 707 619 764 Torrentieu
635 702 670 764 h.
682 705 704 764 l.
724 713 754 762 et
767 705 839 762 Iun.
861 703 1008 763 Gulielm.
1024 705 1187 765 Verisimil.
1203 705 1239 780 2,
1263 706 1292 766 1.
1307 705 1339 762 in
1359 705 1481 763 Gruter.

317 811 426 888 Lamp.
446 809 520 868 crit.
538 810 592 871 111.
606 827 639 886 p.
651 808 726 870 278.
758 808 805 866 cf.
827 808 964 866 Turneb.
986 805 1065 866 Adv.
1089 809 1148 882 80,
1172 807 1203 868 9.
1236 807 1285 865 Ad
1299 810 1481 868 Horatianos

320 914 458 971 allusisse
471 909 593 970 ridetur
613 911 728 969 Seneca
751 907 789 968 de
802 911 862 967 vit.
879 910 960 969 beet.
972 909 1024 972 28.
1053 907 1121 966 Nec
1139 910 1222 966 viam
1236 908 1348 968 bonum
1359 933 1398 968 ao
1411 931 1481 968 mu-

319 1014 382 1072 lum
394 1033 454 1091 per
465 1034 496 1069 ee
506 1015 714 1083 aeaunmmus,
731 1011 787 1068 sed
800 1009 891 1068 turba
905 1012 1110 1090 vestigiorum,
1128 1014 1161 1070 in
1178 1012 1288 1092 qztibtn
1306 1015 1396 1072 mdlu
1409 1025 1482 1071 suere

318 1116 515 1175 redeuntium.
541 1116 699 1174 consentit
714 1125 817 1171 autem
833 1117 976 1172 Horatius
990 1133 1022 1172 re
1041 1113 1166 1195 quidem
1186 1134 1255 1172 cum
1272 1116 1398 1175 Platone
1410 1116 1482 1193 (cu-

316 1222 365 1297 jus
382 1219 605 1276 amantissimtu
624 1236 701 1274 num
716 1217 825 1291 fuerit,
848 1215 966 1276 dubitat
982 1217 1017 1276 C.
1031 1219 1193 1276 Passorius
1210 1218 1232 1275 l.
1249 1219 1270 1276 l.
1291 1221 1328 1276 N.
1348 1217 1424 1293 66.)
1447 1219 1481 1273 in

321 1324 397 1401 Rep.
414 1323 444 1384 2
466 1342 497 1401 p.
514 1321 589 1384 596.
607 1320 642 1379 C.
668 1318 696 1381 εἰ
707 1315 852 1400 μέλλομεν
875 1313 1121 1400 εὖόαιμονήσεεν,
1144 1312 1239 1405 ταύτῃ
1262 1315 1358 1394 λεὲον,
1380 1316 1424 1392 ὥς
1441 1313 1480 1380 τὰ

322 1424 391 1506 ἴχνη
407 1426 469 1486 τοῖν
489 1416 588 1505 λόγων
601 1419 699 1502 φέρει.
740 1423 787 1478 De
800 1441 858 1479 usu
871 1421 993 1480 fabulae
1006 1443 1054 1502 ap.
1068 1425 1140 1482 Hor.
1152 1441 1182 1480 r.
1197 1419 1288 1482 eund.
1305 1425 1342 1481 N.
1355 1422 1427 1485 288.

404 1529 441 1586 V.
455 1527 510 1589 76.
553 1523 667 1582 Belluu
688 1557 733 1566 —-
747 1543 846 1601 quem.
881 1525 1014 1583 Sensus:
1038 1521 1147 1600 „nlud
1167 1525 1252 1603 vulgi
1271 1522 1417 1601 judicium
1434 1525 1479 1596 (r.

322 1625 362 1685 ad
375 1648 406 1686 r.
420 1628 485 1704 70.)
502 1647 563 1685 non
580 1627 680 1684 solum
695 1624 876 1684 damnosum
889 1625 932 1703 (r.
948 1625 1016 1706 75.)
1031 1637 1091 1701 est,
1108 1630 1320 1686 verumetiam
1337 1638 1402 1687 tam
1417 1624 1482 1684 dis-

322 1749 448 1810 crepans
464 1739 496 1786 et
515 1727 686 1802 diversum,
707 1737 742 1785 ut
754 1724 788 1784 id
801 1729 888 1807 sequi
901 1731 1066 1809 nequeas.“
1090 1733 1154 1787 Hac
1168 1739 1296 1810 utraque
1310 1750 1341 1788 re
1353 1747 1482 1808 respon-

322 1831 410 1892 detur
422 1829 501 1891 adv.
515 1831 588 1906 70.,
613 1827 696 1910 quod
713 1830 793 1908 fugit
813 1829 987 1904 Bentlejum
996 1873 1008 1903 ,
1030 1833 1165 1913 alioquin
1184 1835 1312 1890 maximi
1333 1831 1482 1889 acuminis

321 1938 433 1996 virum.
463 1937 569 2012 Imago
589 1933 671 2013 ipsa,
691 1949 752 2012 qua
763 1935 803 1990 H.
818 1934 929 2009 utitur,
953 1935 1140 2016 frequentata
1157 1945 1203 1993 est
1218 1937 1397 2014 scriptorum
1411 1951 1481 2003 usu,

321 2039 506 2098 utPlntonis
523 2039 557 2093 in
577 2037 653 2114 nep.
676 2035 715 2110 9,
738 2038 788 2099 12.
813 2037 888 2117 ibiq.
910 2036 1018 2096 Stellb.
1042 2059 1073 2118 p.
1095 2039 1186 2110 287„
1209 2038 1262 2095 ubi
1280 2031 1481 2117 philosophus

324 2135 429 2204 εἰκόνα
449 2143 504 2221 τῆς
526 2141 631 2218 ψυχῆς
654 2131 733 2221 λόγῳ
751 2138 883 2213 πλάσας,
909 2134 1026 2202 illiue
1048 2140 1172 2215 τοίνυν,
1194 2141 1308 2220 inquit,
1331 2139 1404 2218 μίαν
1426 2130 1485 2218 μὲν

324 2242 410 2308 ἰδέαν
423 2243 536 2325 θηρίου
553 2241 693 2304 ποικίλου
710 2239 763 2303 καὶ
778 2235 992 2320 πολυκεφάλου
1012 2252 1070 2301 etc.
1112 2244 1196 2300 Alias
1212 2241 1313 2316 idem,
1334 2239 1483 2301 Chabotio

323 2348 519 2420 observante,
539 2341 595 2408 edu
614 2343 709 2426 ἔρωτα
728 2341 807 2402 dixit
828 2342 1041 2420 πολυκέφαλον
1058 2343 1099 2418 οἷς
1117 2342 1171 2408 τόν
1193 2347 1302 2425 δῆμον.
1324 2347 1483 2416 Similiter,

323 2445 448 2507 Barthio
470 2445 567 2526 (Adv.
587 2447 623 2520 8,
646 2446 720 2527 20.)
746 2445 914 2521 indicante,
953 2449 1095 2507 Julianus
1118 2448 1328 2507 Constantium
1358 2448 1484 2505 fratrem

324 2547 423 2632 ὕδραν
436 2548 649 2627 πολυκέφαλον
663 2549 839 2629 appellavit.
881 2547 930 2609 Ad
950 2569 1073 2608 sensmn
1092 2550 1183 2609 totius
1204 2551 1263 2608 loci
1276 2551 1416 2629 proxime
1431 2569 1500 2630 ac·,

326 2652 405 2712 cedit
418 2653 553 2712 Platonis
569 2653 603 2708 in
615 2649 755 2710 Axiooho
775 2672 805 2731 p.
819 2651 912 2715 1806.
935 2653 971 2708 E.
987 2649 1147 2733 descriptio
1161 2654 1266 2732 populi
1283 2654 1389 2732 ipsius,
1407 2672 1485 2734 qua-

326 2776 396 2814 cum
410 2754 451 2816 cf.
462 2747 586 2813 Phalar.
600 2755 698 2834 Epist.
710 2752 762 2815 68.
777 2774 811 2832 p·
827 2753 901 2815 228.
918 2750 966 2810 ed.
981 2754 1065 2832 Lips.
1087 2755 1138 2814 Sic
1151 2755 1268 2814 Seneca
1283 2754 1322 2813 de
1340 2756 1436 2814 Clem.
1454 2758 1483 2830 1,

328 2858 357 2920 1.
373 2860 522 2938 populum
536 2867 625 2916 vocat
646 2859 824 2916 immersum
841 2855 1078 2926 multitudinem,
1096 2857 1274 2930 discordem,
1299 2858 1484 2928 seditiosam,

326 2961 530 3037 intpotenten,
545 2963 579 3018 in
588 2961 753 3039 pmuciem
767 2960 902 3018 alienum
913 2961 1182 3039 suumquepuriter
1194 2962 1411 3020 exsultatu-um
1427 2975 1485 3022 eto.

326 3061 372 3124 ld.
390 3065 487 3142 Epist.
501 3067 533 3125 7.
551 3063 680 3122 Necesse
694 3074 739 3120 est
754 3074 811 3120 aaut
829 3065 954 3120 imiteris
974 3074 1030 3119 aut
1047 3063 1155 3121 oderes.
1207 3063 1372 3143 Utrumque
1383 3077 1486 3123 autem

327 3164 525 3223 devitandum
545 3178 604 3224 eet:
629 3187 667 3224 ne
687 3163 738 3224 vel
753 3166 860 3223 similis
876 3165 967 3222 usalis
978 3165 1046 3240 fuas
1054 3208 1067 3236 ,
1094 3166 1168 3246 quio
1188 3165 1279 3224 multi
1293 3177 1384 3240 eunt,·
1413 3188 1486 3225 nette

327 3267 468 3326 inimicus
481 3268 598 3340 mutet,
620 3271 694 3350 quia
705 3269 863 3327 ἆεζεοὶεκιῖεο
873 3279 953 3326 stent.
974 3267 1019 3326 Id.
1037 3267 1075 3326 de
1086 3271 1145 3329 vit.
1156 3269 1235 3327 beat.
1249 3267 1302 3333 28.
1323 3269 1489 3350 Numquid

327 3371 375 3428 νίο
392 3369 539 3448 amplius,
566 3392 661 3451 quum
675 3383 710 3429 ut
728 3392 777 3430 me
799 3373 929 3429 eineilem
944 3370 1071 3430 ducibus
1093 3375 1166 3431 meis
1183 3371 1357 3452 praestem?
1404 3371 1490 3450 Quid

328 3492 398 3552 ergo
411 3471 475 3530 est?
501 3493 563 3530 nors
577 3495 635 3553 quo
653 3476 789 3532 miserint
806 3494 853 3531 me
873 3473 934 3544 itti,
957 3471 1011 3530 sed
1029 3493 1088 3552 quo
1103 3473 1255 3546 duxermt,
1283 3473 1342 3532 ibo.

411 3578 448 3637 V.
470 3577 523 3637 77.
566 3577 648 3634 Pars
660 3610 705 3621 -
717 3576 857 3655 publicu.
904 3578 1026 3636 Gttller:
1049 3569 1224 3658 ἆνθροὶκων
1247 3577 1280 3641 ολ
1298 3575 1354 3658 μὲν
1377 3575 1487 3639 τελέων

328 3670 410 3758 οἷνῆς
429 3670 579 3758 μεμάασιν
593 3712 637 3722 -
660 3677 793 3738 Publica
812 3681 961 3760 imprimis
977 3681 1190 3759 intelliguntur
1206 3681 1382 3759 vectigalia,
1408 3699 1487 3760 ques

329 3781 483 3859 publicani
499 3779 722 3859 conducebant,
745 3780 828 3864 quod
840 3784 977 3863 pluribus
994 3781 1236 3842 demonstrarunt
1250 3785 1337 3862 Lipe.
1358 3781 1397 3842 cd
1410 3785 1489 3842 Tac.

328 3883 408 3940 nnn.
424 3883 479 3956 18,
497 3883 567 3960 61,
596 3885 728 3944 Gronov.
754 3887 840 3945 0bss.
856 3883 887 3960 4,
911 3886 960 3949 18.
982 3885 1045 3943 alii.
1074 3887 1132 3956 Qui
1146 3884 1221 3944 haec
1241 3898 1270 3946 et
1285 3890 1356 3946 tolia
1378 3887 1488 3966 (Poeta

329 3987 412 4068 enim
427 3985 554 4045 fortasse
572 3989 633 4046 alia
647 3983 747 4046 etium⁴
759 4008 849 4068 opera
858 3986 988 4066 publica
1006 3989 1167 4065 intellexit,
1185 4001 1220 4047 ut
1233 3993 1304 4052 Jur.
1319 3993 1349 4066 8,
1364 3990 1408 4055 80
1417 4009 1488 4071 sqq.

328 4087 404 4167 ibiq.
421 4088 561 4170 Weber.)
585 4088 792 4149 coreducebant
800 4133 813 4162 ,
835 4090 1021 4149 redimebant
1036 4092 1099 4150 sire
1114 4090 1277 4170 faciebant
1294 4089 1442 4170 (Wetzel.
1460 4101 1490 4150 et

235 4234 238 4238 «
330 4187 445 4249 Gemh.
463 4189 502 4250 ad
519 4192 581 4252 cie.
594 4190 704 4252 Parad.
722 4198 758 4270 6,
777 4196 814 4268 2,
833 4191 904 4270 46.,
926 4195 968 4252 Μ.
986 4196 1097 4252 Donat.
1118 4191 1157 4252 ad
1170 4194 1237 4253 Lir.
1252 4193 1311 4267 28,
1332 4189 1389 4270 48,
1413 4194 1489 4274 10.),

331 4293 522 4352 conductores
530 4337 543 4366 ,
563 4299 736 4376 mancipes,
757 4295 976 4374 redemptores,
999 4307 1180 4374 susceptores
1197 4298 1396 4372 vocabantur,
1425 4297 1490 4356 vid.

331 4410 408 4473 quos
420 4399 571 4474 congessit
585 4399 668 4458 locos
689 4399 781 4458 Rein.
804 4401 837 4456 in
858 4402 947 4457 nom.
965 4397 1153 4458 Privatrecht
1172 4410 1228 4460 etc.
1254 4422 1285 4480 p.
1306 4398 1379 4466 834.
1402 4399 1490 4458 etde

331 4493 504 4554 discrimine
524 4499 606 4557 verb.
623 4499 746 4560 locmtdi
760 4513 791 4561 et
807 4501 995 4560 conducendi
1013 4501 1101 4560 Rost.
1124 4500 1162 4560 de
1180 4503 1270 4565 locat.
1293 4502 1432 4562 conduct.
1450 4501 1493 4562 ad

331 4597 433 4656 Plaut.
448 4597 534 4677 capt.
549 4596 580 4675 4,
593 4603 625 4675 2,
639 4601 778 4670 38-40.
798 4607 882 4686 Lips.
901 4604 995 4669 1810.
1016 4607 1060 4663 De
1076 4608 1151 4684 ipsis
1167 4607 1259 4666 variis
1273 4607 1332 4665 loc.
1348 4603 1491 4666 conduct.
