3450 5334
346 504 412 571 368
460 507 748 571 001118ΕΝΤΑΒΠ
768 506 814 570 ΙΝ
833 504 1403 574 RoaATllLffl.1.EP1sT.suPT.
1467 510 1511 575 96

350 700 432 778 queri
451 699 570 775 dixerit,
606 699 745 777 optimam
766 716 799 755 ae
820 713 890 755 auae
911 697 986 756 vitae
1006 702 1120 775 partem
1141 695 1303 758 Maecenati
1323 696 1507 777 impendisse.

350 801 438 861 conf.
460 803 546 861 etiam
566 799 617 859 Fr.
638 798 756 859 loccha.
778 818 808 877 p.
821 797 874 862 98.
897 806 928 858 et
949 798 1039 859 Orell.
1062 799 1100 857 ad
1119 798 1148 858 h.
1168 798 1189 859 l.
1208 834 1251 845 -
1266 798 1305 859 V.
1325 799 1378 864 26.
1421 798 1508 857 nuru

351 902 443 977 lucrm,
472 905 551 981 quod
572 905 633 981 ejua
651 910 697 962 661
718 902 767 980 qui
787 898 930 981 pulmonis
952 902 1057 961 viribus
1076 901 1195 978 gaudet,
1215 901 1370 979 „gesunde
1386 898 1508 979 Brustf‘

350 1006 532 1085 eiimprimia
552 1006 758 1081 neceesarium,
779 1005 829 1081 qui
848 1004 878 1063 in
899 1004 972 1064 urbe
993 1004 1095 1063 officiis
1115 1004 1175 1062 auia
1189 1004 1272 1081 fungi
1285 1002 1417 1065 voluerit.
1445 1004 1507 1065 Sor.

350 1110 388 1185 2,
409 1109 446 1185 6,
468 1107 510 1172 23
528 1124 594 1184 aqq.
637 1106 732 1185 Epist.
755 1106 794 1183 2,
816 1109 855 1184 2,
877 1109 974 1171 67-
988 1108 1041 1171 70.
1085 1104 1160 1167 ffiue
1181 1124 1240 1165 nou
1260 1106 1405 1166 assentior
1425 1107 1508 1166 Doe-

349 1210 464 1289 ringio,
485 1228 610 1286 quocum
628 1209 698 1267 facit
719 1207 904 1280 Hoclreder„
924 1228 1013 1287 quum
1032 1206 1114 1267 latren
1134 1206 1179 1265 vel
1197 1206 1295 1265 latera
1314 1210 1444 1287 corporis
1465 1211 1507 1269 vi-

350 1331 399 1371 rea
419 1310 562 1388 intelligit,
582 1312 651 1389 quia
668 1318 731 1370 tam
749 1311 851 1369 uirium
869 1310 967 1388 robur,
989 1328 1075 1387 quam
1094 1327 1193 1369 earum
1213 1309 1343 1369 defectus
1362 1310 1393 1369 in
1411 1310 1508 1371 leteri-

351 1414 405 1473 bua
426 1414 582 1491 praecipue
604 1414 761 1485 sentiatur3
801 1412 955 1473 Horatium
976 1414 1079 1491 igitur,
1112 1412 1180 1488 quia
1199 1412 1329 1491 corporis
1349 1412 1425 1473 vires
1444 1432 1508 1472 eum

352 1516 477 1574 deiicere
508 1516 689 1593 coepissent,
729 1516 811 1575 reddi
832 1514 887 1573 sibi
916 1521 1018 1594 optare
1038 1510 1124 1592 sorte
1148 1510 1240 1571 lotus.
1286 1512 1327 1573 At
1347 1516 1424 1574 conf.
1447 1515 1507 1574 Cic.

350 1616 433 1677 Verr.
456 1614 495 1692 4,
517 1614 569 1678 30.
591 1638 671 1696 quac
693 1638 752 1677 vox
760 1661 773 1691 ,
794 1637 873 1697 quoe
894 1616 1011 1689 latera,
1033 1635 1112 1697 quae
1130 1616 1209 1673 vires
1226 1614 1320 1689 liujus
1340 1618 1431 1675 unirer
1451 1618 1509 1673 cri-

352 1720 444 1779 minu
464 1720 683 1797 querimoniam
698 1723 817 1799 poesim
838 1717 1007 1777 euctinere?
1034 1719 1077 1779 Id.
1102 1719 1139 1777 de
1160 1718 1276 1777 Seueut.
1300 1717 1332 1796 9,
1355 1720 1385 1782 5.
1435 1718 1510 1777 Ora-

353 1833 413 1895 tor,
435 1833 546 1893 metuo,
566 1842 605 1879 ne
622 1822 802 1902 langueacat
817 1831 982 1881 aenectrcte:
1006 1830 1050 1878 ert
1066 1822 1145 1879 enim
1165 1840 1277 1879 munuc
1298 1824 1364 1894 eJ'm
1380 1841 1441 1879 non
1461 1824 1509 1879 in-

350 1928 425 2006 geni
444 1924 556 1995 colum,
576 1924 632 1982 aed
650 1923 780 1982 laterum
798 1925 889 1981 eliam
907 1933 936 1980 et
951 1924 1071 1983 νὶνὶιιηι.
1115 1922 1233 1994 Quintil.
1248 1922 1319 1981 luat·
1335 1924 1386 2000 11,
1407 1923 1439 1999 3,
1457 1920 1510 1985 40.

354 2031 407 2088 cui
421 2028 522 2087 oderit
540 2026 643 2085 leteris
652 2027 801 2101 fiaemeas.
846 2026 922 2086 lbid.
944 2045 1073 2105 prooem.
1098 2027 1148 2091 27.
1177 2045 1255 2096 vox,
1291 2024 1374 2081 lance
1390 2024 1512 2101 patiere

353 2130 481 2203 laboris,
502 2130 652 2193 valeneclo.
695 2129 820 2189 Ellendt.
840 2130 880 2187 ad
898 2130 960 2187 Cic.
977 2130 1060 2188 Brut.
1081 2124 1134 2203 56,
1154 2128 1230 2193 202.
1251 2127 1289 2185 de
1308 2126 1392 2185 Orat.
1412 2129 1443 2203 1,
1460 2124 1512 2200 25,

355 2230 428 2301 114.
472 2234 582 2293 Gernlr.
603 2232 641 2291 ad
661 2231 726 2291 Cic.
749 2231 815 2291 Cat.
838 2232 871 2309 5,
895 2226 946 2309 14,
968 2229 999 2294 4.
1018 2264 1063 2278 ··-
1083 2228 1186 2307 nigros
1206 2248 1236 2287 a.
1251 2228 1281 2307 f.
1306 2227 1445 2307 eapitur.
1474 2224 1513 2289 Ηῑ

354 2346 542 2418 opponuntur
562 2342 624 2395 tum
644 2332 813 2409 albescenti,
837 2341 900 2393 tum
921 2352 992 2392 cano
1015 2332 1127 2410 capillo.
1172 2331 1230 2391 Od.
1254 2335 1284 2408 1,
1305 2332 1359 2409 32,
1384 2333 1435 2395 11.
1476 2326 1513 2387 A.

353 2438 388 2503 P.
408 2440 460 2501 37.
503 2436 599 2495 Plaut.
622 2434 708 2493 Cure.
730 2437 767 2510 1,
789 2434 828 2512 3,
850 2435 903 2497 35.
944 2435 1096 2496 Horatium
1117 2452 1210 2493 annor
1236 2429 1278 2499 41
1307 2440 1407 2494 natum
1433 2429 1513 2491 albe-

354 2546 495 2614 scentem,
516 2537 542 2594 ci
562 2555 621 2594 uon
644 2554 747 2595 canum
767 2536 901 2613 capillum
921 2536 1057 2597 habuisse
1077 2534 1242 2596 obrervavit
1256 2533 1514 2599 Mlteclterllclriuc

354 2642 392 2701 ad
414 2640 472 2699 08.
497 2638 537 2714 3,
561 2634 620 2711 14,
642 2636 693 2701 25.
737 2637 785 2696 cf.
808 2638 904 2716 Epist.
927 2642 965 2717 1,
988 2640 1047 2716 20,
1070 2637 1123 2703 24.
1168 2639 1226 2699 Od·
1252 2642 1289 2715 2,
1313 2640 1372 2715 11,
1395 2640 1426 2701 7.
1445 2636 1514 2713 ibiq.

354 2744 461 2803 Sauad.
504 2738 551 2800 De
572 2738 682 2799 honore
703 2741 802 2819 nigris
823 2738 945 2817 capillis
965 2742 1118 2801 aGrnecia
1140 2750 1171 2802 et
1183 2742 1321 2805 Romania
1342 2739 1440 2801 habito
1458 2738 1515 2799 vid.

355 2846 384 2906 T
385 2865 432 2904 an.
453 2842 529 2903 Fab.
550 2842 589 2899 ad
610 2840 715 2901 Anacr-
739 2844 792 2919 18,
817 2843 869 2907 17.
891 2850 921 2903 61
939 2844 1016 2905 6681.
1039 2844 1141 2905 Jacob.
1164 2845 1221 2914 Qu.
1243 2844 1325 2924 Epic.
1347 2864 1378 2923 p.
1398 2842 1451 2905 79.
1474 2874 1518 2889 -·-

354 2958 492 3028 angusto
507 2947 620 3024 fronte.
661 2944 743 3004 Haec
760 2943 872 3022 (enan
892 2946 997 3024 081,
1018 2948 1072 3024 33,
1093 2948 1135 3026 5.,
1159 2946 1256 3005 brevic
1273 2943 1397 3007 Martial.
1410 2942 1442 3023 4,
1462 2939 1515 3019 42,

355 3051 401 3130 9.)
420 3071 474 3130 pro
495 3047 615 3129 pulchra
633 3046 733 3106 habita
761 3045 896 3123 (Lucian.
920 3047 1019 3111 Amor.
1041 3045 1095 3113 40.
1118 3048 1271 3109 Winlrelm.
1295 3048 1375 3127 0pp.
1402 3046 1464 3107 Vll.
1485 3066 1516 3124 p.

359 3153 444 3230 118.)
465 3151 511 3209 hic
530 3149 620 3209 fronti
642 3148 756 3207 calvitio
779 3149 915 3209 dilatatae
938 3154 1103 3231 opponitur.
1145 3151 1239 3232 Epist.
1255 3155 1286 3229 1,
1310 3149 1364 3227 20,
1386 3145 1436 3215 24.
1472 3147 1517 3207 lta

358 3255 395 3312 de
416 3271 485 3311 sene
506 3250 580 3308 Plin.
600 3250 694 3329 Epist
716 3252 756 3328 3,
777 3252 814 3327 6,
837 3254 867 3316 2.
889 3253 954 3308 rori
975 3262 1004 3308 et
1024 3253 1158 3312 cedentes
1178 3252 1305 3331 capilli,
1333 3250 1400 3310 Iota
1413 3252 1512 3330 from.

358 3356 461 3414 Seuec.
483 3354 520 3411 de
538 3352 623 3411 Brev.
640 3354 689 3411 vit.
709 3353 759 3416 12.
776 3349 851 3408 dum
872 3363 930 3411 aut
947 3354 1073 3427 disjecta
1094 3376 1180 3414 coma
1199 3357 1374 3431 restituimur,
1393 3365 1450 3413 aut
1467 3354 1516 3413 de·

352 3458 466 3532 ficiam
493 3454 566 3513 ltine
594 3464 686 3534 alque
711 3452 799 3510 illine
824 3453 860 3511 in
883 3456 985 3535 fronte
1013 3458 1211 3537 compellitur.
1257 3459 1344 3519 conf.
1364 3456 1450 3536 Vulp.
1468 3458 1514 3516 ad.

359 3555 592 3634 061611.54,1.
627 3557 716 3616 Wolf.
738 3563 770 3617 61
788 3556 886 3616 Brem.
909 3560 948 3617 ad
967 3559 1049 3621 Suet.
1072 3562 1156 3622 Gaea.
1177 3558 1229 3625 46.
1261 3560 1378 3621 3111666.
1400 3561 1438 3619 68
1459 3560 1514 3621 08.

359 3659 605 3738 3,19,25.-
632 3658 666 3722 V.
688 3662 740 3724 27.
783 3659 883 3721 neue.
905 3660 993 3718 dulce
1012 3662 1096 3743 loqui
1114 3671 1170 3723 etc.
1214 3663 1259 3723 Ita
1279 3665 1316 3723 da
1334 3682 1389 3723 sua
1407 3662 1516 3741 Lalage

360 3764 419 3823 08.
444 3765 474 3839 1,
497 3764 550 3839 22,
572 3760 624 3825 23.
666 3758 768 3818 Dulce
793 3762 938 3821 ridentem
957 3764 1102 3845 Lalagen
1122 3764 1249 3838 amabo,
1271 3764 1373 3825 Dulce
1393 3764 1517 3845 loqueri-

360 3877 432 3936 tem,
453 3865 502 3923 ubi
523 3865 579 3922 vid.
600 3860 757 3921 illitrcherl.
780 3869 811 3923 et
832 3865 870 3923 68
892 3864 950 3926 08.
974 3870 1006 3945 1,
1026 3867 1057 3946 9,
1080 3872 1130 3935 22.
1172 3868 1244 3929 Inde
1264 3870 1381 3929 omuino
1401 3874 1517 3929 centen-

359 3970 401 4030 tia
422 3967 469 4027 hic
488 3985 555 4027 ease
576 3964 690 4023 videtur
711 3965 804 4043 qualia
830 3967 889 4026 08.
911 3966 949 4045 4,
972 3971 1011 4046 1,
1029 3970 1059 4034 3.
1103 3970 1287 4045 Nonarum,
1315 3970 1417 4051 qualis
1438 3990 1517 4029 earn

272 4153 274 4156 Ι
360 4070 456 4129 bonae
480 4066 545 4127 Sub
573 4086 665 4147 regno
690 4067 839 4141 Cunctae,
877 4072 897 4129 i.
920 4089 946 4134 e.
966 4072 1027 4149 jam
1058 4090 1118 4131 nou
1146 4078 1231 4151 aptus
1261 4074 1384 4133 eumad
1414 4090 1517 4133 666666

360 4191 528 4246 remanes,
563 4172 601 4228 ad
626 4171 719 4247 naus,
751 4172 790 4229 ad
809 4190 931 4231 amores.
974 4174 1021 4233 cf.
1042 4173 1137 4252 Epist.
1161 4176 1195 4251 1,
1219 4170 1277 4252 14,
1297 4175 1349 4243 32.
1369 4176 1421 4238 33.
1462 4172 1518 4235 Alii

361 4281 475 4351 autem,
497 4279 531 4331 ut
552 4271 737 4348 Schmldiua,
758 4274 810 4336 Il.
832 4272 991 4333 Jacobciuc
1011 4274 1054 4357 (p.
1080 4274 1175 4356 125),
1195 4278 1357 4357 ginglvnm
1377 4280 1518 4335 5666111616

361 4376 426 4433 Juv.
449 4376 502 4452 10,
526 4374 600 4439 200.
622 4374 669 4434 vel
689 4396 744 4433 ora
767 4386 923 4435 exarmata
944 4376 1058 4457 (Sidou.
1077 4378 1171 4458 Epist.
1190 4382 1227 4457 7,
1251 4376 1315 4459 14.)
1332 4387 1410 4440 16616
1427 4380 1517 4459 signi-

361 4477 449 4537 ficata
473 4478 582 4561 vident.
624 4476 782 4557 Perperam
801 4478 922 4539 Bothiua
942 4478 1039 4539 ridere
1059 4481 1128 4541 illud
1149 4483 1188 4541 ad
1207 4482 1306 4561 fugem
1327 4484 1450 4543 Cinarae
1470 4500 1517 4541 re-

361 4578 431 4659 fert,
452 4595 510 4656 qua
526 4597 559 4637 re
572 4584 636 4641 tota
650 4582 814 4664 infringitur
826 4582 979 4645 contenta
1004 4615 1040 4631 -
1064 4584 1100 4647 V.
1116 4586 1168 4655 28.
1211 4584 1297 4647 later
1311 4588 1386 4646 virro
1394 4587 1518 4668 fingam.
