3450 5334
363 513 427 581 140
447 515 730 579 communitati
750 514 792 574 IN
805 515 973 575 HORATH
994 513 1446 579 uelsr.sncunn.1.13.t.
1489 513 1531 580 34

360 692 429 750 ium
445 687 634 749 intercedere
664 683 828 745 discrimen
848 685 1026 765 saepissime
1051 685 1206 748 contendit
1234 688 1334 747 Plato.
1361 683 1433 746 Vid.
1455 703 1530 766 quos

360 791 466 853 loudat
481 786 565 851 locos
585 785 767 852 Staiibaura.
790 785 830 845 ad
851 789 972 849 Platon.
986 791 1092 872 Symp.
1115 809 1142 849 c.
1158 793 1211 854 21.
1229 809 1261 870 Ρ.
1281 790 1353 852 101.
1368 789 1409 849 ci.
1431 807 1458 846 c.
1477 790 1530 850 29.

360 914 394 973 Ρ.
415 892 488 956 129.
534 891 599 952 Οἰο.
620 892 659 953 de
681 901 789 951 serent.
816 883 865 964 13,
891 887 943 952 43.
964 892 1151 966 judicabant
1174 911 1236 952 esee
1249 891 1387 971 profecto
1411 889 1535 970 aliquid

361 1007 476 1054 notura
493 993 660 1074 pulchrum
680 1005 773 1074 atque
787 991 1004 1070 praeclarum,
1026 995 1110 1074 qnod
1119 1017 1178 1054 sato
1187 1005 1291 1073 sponte
1299 1005 1452 1072 peteretur
1473 1004 1531 1052 etc.

361 1096 493 1159 Proinde
512 1095 635 1157 Cassius
652 1115 703 1176 ap.
721 1098 785 1155 Cic.
811 1093 852 1153 ad
876 1096 994 1156 Divert-
1018 1098 1068 1173 15,
1091 1099 1140 1173 19,
1163 1098 1196 1160 3⁵
1229 1093 1365 1175 Difficile
1386 1106 1431 1153 est
1450 1098 1530 1154 enim

362 1199 535 1260 hominbus
545 1193 772 1278 persuadenti
787 1193 884 1260 mide
897 1191 942 1260 ds'
957 1195 1035 1262 αὐτό
1049 1196 1168 1282 eipetdv
1182 1215 1264 1258 esset
1284 1191 1405 1279 ἡδονήν
1421 1217 1491 1256 vem
1505 1208 1532 1253 et

362 1298 529 1387 ἆναραξίαν
550 1306 680 1378 smnus,
697 1302 841 1376 jactites,
869 1305 910 1386 τῷ
932 1305 1015 1385 καλῷ
1024 1302 1154 1380 parari,
1175 1313 1204 1359 et
1222 1323 1326 1360 venun
1340 1310 1367 1357 et
1375 1298 1534 1377 probabile

361 1416 416 1466 eat.
461 1406 510 1464 cf.
525 1407 614 1464 Beier
635 1401 676 1463 ad
689 1404 750 1466 Cic.
764 1401 823 1462 off.
841 1405 871 1479 1»,
886 1399 917 1465 4.
931 1425 963 1484 Ρ.
980 1402 1033 1467 34.
1052 1407 1080 1478 1,
1096 1403 1147 1476 28,
1163 1405 1216 1467 98.
1233 1405 1305 1468 100.
1331 1403 1475 1460 Goerenz.
1491 1399 1532 1461 atl

363 1509 431 1570 ltin.
446 1511 478 1583 2,
503 1505 554 1581 14,
567 1503 619 1568 47.
640 1507 764 1567 Aristot.
779 1503 869 1564 Rhet.
884 1507 912 1581 1,
927 1505 958 1582 9,
973 1507 1004 1568 8.
1026 1507 1104 1565 Plat.
1121 1506 1242 1582 Protag.
1267 1521 1293 1562 o.
1312 1503 1362 1566 15.
1376 1507 1414 1564 Ι).
1428 1525 1459 1584 Ρ.
1474 1505 1528 1568 70.

362 1611 473 1671 stallo.
488 1609 576 1668 Stob.
588 1608 657 1667 Hol.
670 1610 709 1667 11.
731 1611 764 1671 7·
783 1627 815 1687 Ρ.
829 1609 902 1670 262.
924 1611 1013 1667 Heer.
1026 1641 1070 1653 -
1083 1605 1161 1686 quid
1171 1625 1232 1663 non
1248 1603 1299 1684 (A.
1313 1609 1350 1665 P.
1364 1607 1451 1688 308.)
1465 1609 1487 1665 i.
1499 1627 1529 1665 e.

363 1711 553 1772 damnosum.
596 1711 649 1770 sic
668 1707 776 1766 musio
792 1729 848 1790 per
861 1705 999 1790 λιτότητα
1009 1729 1071 1769 non
1085 1705 1195 1781 modo,
1218 1707 1301 1788 quod
1321 1729 1384 1768 non
1397 1707 1531 1788 prodest,

363 1813 419 1875 sed
446 1817 558 1888 etium,
592 1812 678 1896 quod
708 1811 855 1871 danmuut
876 1811 980 1889 affert,
1007 1813 1110 1870 Latini
1132 1812 1243 1890 pariter
1268 1827 1303 1867 ac
1330 1811 1440 1870 Graeci
1466 1831 1532 1872 voc.

365 1912 497 2000 ἀχρεῖον,
513 1912 668 1997 ἄχρηστον
682 1915 796 1976 dicunt.
816 1915 887 1976 Vid.
901 1913 1012 1974 Heind.
1027 1912 1066 1973 ad
1081 1914 1148 1974 Sat.
1162 1913 1194 1988 1,
1208 1908 1239 1986 4,
1254 1907 1324 1975 124·
1338 1923 1368 1971 et
1381 1915 1532 1996 Heusing.

364 2021 405 2080 ad
417 2022 482 2080 Cio.
496 2018 535 2078 de
548 2019 601 2078 off.
616 2019 647 2093 3,
664 2019 715 2095 13,
731 2020 782 2082 12.

450 2126 487 2185 V.
501 2120 533 2185 4.
548 2121 677 2180 Plenius
690 2153 735 2166 --
746 2120 833 2179 dicit.
848 2153 893 2166 --
906 2123 1007 2194 Quum
1019 2121 1170 2194 „Veteres
1178 2118 1197 2150 “
1213 2127 1248 2174 ut
1262 2117 1351 2176 rerba
1365 2119 1534 2178 Burmanni

365 2223 406 2285 ad
418 2229 541 2285 Petron.
556 2244 582 2282 c.
598 2225 629 2286 5.
642 2223 754 2285 faciam
768 2241 854 2299 mea,
877 2225 930 2298 „iu
951 2223 1084 2281 Homero
1104 2221 1270 2301 perfectam
1289 2231 1322 2279 et
1339 2239 1534 2281 constmsma-

365 2338 429 2386 tsm
452 2329 590 2385 omnium
620 2323 850 2404 disciplinarum
881 2325 1087 2403 cognitionem
1110 2325 1205 2382 fuisse
1229 2331 1413 2399 statuerent,
1442 2335 1474 2382 et
1501 2329 1534 2384 in

366 2428 550 2488 carminibus
578 2428 642 2503 ejus
667 2428 817 2507 principia
841 2436 874 2485 et
899 2429 1017 2485 semina
1039 2429 1138 2486 omnis
1166 2423 1319 2484 doctrinae
1348 2423 1534 2501 abscondita,

366 2549 460 2610 quare
482 2529 549 2606 ejus
569 2526 705 2586 versibus
726 2531 760 2585 in
781 2547 966 2610 unaquaque
987 2549 1037 2605 re,
1053 2539 1200 2610 tunquam
1212 2529 1379 2608 praeceptis
1393 2539 1424 2588 et
1440 2549 1535 2590 cano-

365 2633 457 2690 nibus
483 2631 687 2702 uterentur;“
718 2649 875 2713 quumque
904 2649 921 2690 e
947 2629 1140 2711 philosophis
1166 2631 1240 2710 ipsis
1263 2632 1360 2690 Stoici
1383 2633 1534 2712 imprimis

365 2753 491 2796 omnem
515 2733 680 2813 sapientiae
698 2733 818 2794 fontem
839 2736 877 2794 ab
900 2736 1032 2794 Homero
1061 2732 1231 2792 delicerent
1253 2731 1376 2813 (Senec.
1396 2737 1456 2814 Ep.
1481 2733 1535 2798 88.

366 2837 500 2896 Macrob.
518 2837 553 2893 in
571 2836 678 2896 Scuto.
699 2837 783 2917 Scip.
800 2838 832 2914 2,
853 2838 906 2901 10.
927 2855 959 2916 Ρ.
982 2837 1055 2900 170.
1073 2835 1140 2916 Z),
1161 2837 1288 2918 ipseque
1310 2839 1466 2912 Horatius,
1487 2839 1535 2896 uti

364 2958 495 3021 eaquae
510 2949 679 3020 sequuntur
693 2938 820 3018 docent,
841 2957 965 2998 onmem
976 2939 1071 2998 vitam
1084 2947 1115 2994 et
1130 2955 1237 3018 regrun
1252 2951 1283 3000 et
1295 2941 1477 3023 populorum
1495 2940 1535 2998 ab

368 3043 423 3101 iiio
446 3043 592 3122 scriptore
615 3045 719 3103 votiva
735 3044 832 3103 veluti
852 3042 966 3100 tabella
989 3037 1173 3119 descriptam
1196 3041 1329 3118 videret,
1356 3053 1392 3101 ut
1411 3046 1445 3101 in
1464 3043 1535 3102 lau-

368 3143 470 3205 dando
490 3148 623 3204 Homero
644 3148 732 3226 sequi
754 3144 894 3206 videatur
913 3145 962 3204 sui
982 3145 1128 3221 temporis
1149 3162 1281 3204 morem:
1302 3145 1395 3225 (nam
1415 3165 1447 3204 re
1462 3163 1534 3205 vera

369 3249 413 3305 ita
432 3249 578 3323 senserit,
603 3267 666 3307 non
692 3246 743 3308 hic
765 3267 920 3322 curamus,
948 3257 1124 3326 quanquam
1148 3245 1182 3305 id
1201 3257 1293 3325 negat
1313 3249 1348 3306 C.
1371 3251 1535 3309 Passerias

369 3350 393 3408 l.
407 3348 431 3406 i.
448 3348 573 3428 1023),
589 3368 653 3409 non
665 3369 792 3429 possum
806 3369 869 3426 non
885 3351 1075 3409 verissimam
1084 3347 1195 3408 hebere
1208 3352 1387 3430 scripturam
1397 3351 1534 3430 plenus,

369 3469 463 3533 quam
494 3461 601 3511 contra
628 3453 818 3530 Beutlejum,
850 3469 1027 3533 quanquam
1055 3471 1119 3512 non
1144 3456 1218 3513 satis
1236 3453 1374 3530 feliciter,
1400 3451 1536 3513 defendit

371 3555 525 3613 Bas-tetus
532 3595 547 3625 ,
568 3550 650 3612 hanc
668 3556 790 3614 obrem
801 3558 910 3615 merito
929 3573 948 3614 a
964 3556 1116 3615 Wetzelio
1134 3553 1343 3637 reprehensus.
1384 3557 1443 3629 on·
1457 3554 1536 3633 pla-

371 3657 442 3715 nius
459 3655 524 3735 legi
545 3651 723 3737 malunt'),
751 3657 893 3737 exempla
915 3657 1092 3736 intelligunt
1115 3658 1154 3716 ab
1183 3661 1316 3720 Homero
1340 3668 1408 3716 ente
1427 3657 1537 3719 ocstlos

371 3759 459 3840 quasi
482 3759 598 3838 posita,
619 3757 746 3838 quobus,
767 3757 843 3841 quid
862 3757 1025 3846 honestum
1037 3770 1069 3818 et
1081 3775 1189 3842 turpe,
1209 3763 1284 3821 utile
1303 3772 1334 3822 et
1355 3759 1540 3822 damnem

371 3864 432 3938 sit,
460 3862 571 3922 melius
589 3858 736 3938 discatur,
766 3879 862 3943 quam
889 3881 930 3921 ex
951 3859 1112 3943 Chrysippi
1132 3873 1164 3922 et
1183 3865 1337 3925 Crantoris
1354 3865 1536 3942 praeceptis.

372 3968 415 4024 At
435 3984 545 4045 pamm
569 3965 711 4024 Horatius
732 3966 899 4024 Homemm
919 3962 1088 4042 nudasset,
1117 3968 1146 4026 si
1169 3967 1198 4026 ei
1219 3985 1293 4048 pree
1314 3963 1485 4048 Chrysippo
1509 3978 1542 4026 et

372 4067 518 4129 Crantore
537 4067 686 4146 maJ'orem
703 4075 824 4127 tantum
836 4069 1083 4149 perspicuitatem
1101 4069 1251 4149 exemplis
1265 4071 1467 4151 conquisitam
1481 4073 1543 4130 tri·
1620 4141 1624 4146 Ι

443 4353 471 4424 ·)
486 4354 536 4410 tte.
555 4355 669 4413 Jacobss
687 4351 806 4424 planius,
825 4359 857 4408 ut
872 4355 960 4425 potu,
979 4354 1026 4425 qai
1037 4355 1163 4427 exemplis
1179 4353 1325 4428 propositis
1342 4353 1424 4408 nuto
1439 4357 1547 4424 majore

375 4435 609 4514 decorticatae«,
634 4457 713 4512 quan
737 4439 827 4511 quivis
845 4439 1034 4512 philosophus,
1051 4441 1113 4512 qni,
1133 4457 1213 4512 quum
1229 4441 1346 4495 Ethicen
1368 4457 1402 4494 ex
1417 4442 1547 4511 professo

374 4531 480 4590 mactet,
496 4526 606 4594 pierius
628 4536 772 4599 praesepta
787 4525 881 4579 tradit.
915 4525 948 4580 in
960 4525 1030 4582 nullo
1041 4535 1128 4582 autem
1139 4527 1271 4598 scriptore
1281 4528 1404 4595 majorem
1416 4544 1478 4581 esse
1489 4532 1549 4590 vim

375 4600 520 4677 ἐναργείας
537 4608 587 4662 soi
601 4611 764 4682 «metm,
780 4627 859 4682 quan
870 4613 898 4666 in
914 4611 1041 4684 Hanno,
1058 4629 1148 4670 omncs
1164 4629 1217 4667 uno
1229 4630 1277 4668 crs
1288 4614 1431 4668 affirmant.
