3450 5334
313 471 358 538 40
423 473 703 536 committent
723 472 765 531 m
784 470 952 532 flottam
972 469 1104 531 mter.
1124 469 1326 530 ramnus.
1344 471 1371 527 l.

315 641 559 718 Alexandrinus,
586 644 724 721 Augusto
746 641 810 700 fere
831 641 980 723 aequalis.
1006 641 1140 698 Frustra.
1165 638 1359 719 iniquissime
1376 647 1482 696 autem

314 749 427 808 Poetae
453 748 602 806 rationem
623 740 860 826 philosophandi
877 742 1023 824 pervertit
1044 750 1136 822 atque
1160 742 1297 820 exagitat
1310 740 1342 801 Ι.
1362 740 1482 800 cama-

317 847 411 909 bomre
424 850 456 908 in
474 847 648 926 Prolegom.
661 844 701 905 ad
716 847 818 921 Pers„
842 845 896 904 ubi
916 848 996 904 inter
1013 844 1074 902 alia
1102 843 1241 918 „Parum
1254 843 1313 902 sibi
1326 843 1481 917 constat,“

316 953 376 1027 ait,
402 971 485 1027 „nec
505 949 628 1008 fidelem
648 950 768 1008 virtutis
785 949 965 1027 magistrum
984 949 1058 1026 agit.
1090 937 1210 1005 Passim
1224 946 1308 1004 enim
1328 947 1362 1002 in
1380 946 1481 1004 aliena

316 1055 424 1113 transit
448 1062 561 1128 matra,
588 1069 651 1110 non
674 1061 821 1132 tanquam
842 1051 1031 1130 explorator,
1066 1047 1121 1109 sed
1141 1060 1288 1130 tanquam
1312 1049 1482 1128 mmfirga.

317 1156 416 1237 Saepo
435 1155 573 1217 Stoicum
591 1152 691 1212 dicae:
719 1173 810 1234 saepe
828 1155 1027 1233 Epicureum,
1058 1160 1111 1210 aut
1136 1151 1360 1231 Aristippeum:
1389 1169 1482 1231 saepe

317 1275 389 1316 vero
413 1255 452 1315 de
476 1258 570 1338 Anyti
587 1265 618 1316 et
635 1257 733 1314 Meliti
760 1266 812 1315 aut
836 1253 1048 1336 Aristophanis
1069 1262 1160 1334 gente
1182 1262 1379 1333 prognatam:
1402 1251 1482 1313 adeo

316 1361 490 1440 frequenter
503 1368 533 1418 et
551 1359 656 1418 ecerhe
669 1359 798 1434 Stoicos,
827 1377 921 1439 penes
936 1377 1013 1438 quos
1032 1357 1115 1417 solos
1130 1357 1185 1414 illa
1201 1366 1300 1414 aetate
1313 1357 1482 1435 sapientiae

316 1463 524 1542 magisterium
535 1463 603 1537 fuit,
620 1463 745 1540 sugillat
760 1472 790 1520 et
803 1461 918 1537 irridet,
939 1479 1040 1540 neque
1054 1456 1256 1518 dubitandum
1272 1468 1336 1533 est,
1357 1459 1482 1540 qualern

317 1564 457 1626 videmus
467 1567 500 1623 in
513 1565 609 1644 ipsius
622 1565 751 1643 scriptis,
765 1563 859 1622 talem
870 1563 964 1622 luisse
978 1565 1012 1620 in
1025 1565 1089 1621 rita
1104 1579 1226 1643 quoque
1234 1563 1480 1621 inconstantiam.

319 1668 448 1748 Scripsit
467 1669 550 1726 enim
566 1667 655 1726 sicuti
669 1668 779 1727 vixit.“
822 1664 886 1726 Sed
899 1677 935 1725 ut
948 1677 1083 1742 taceam,
1101 1665 1198 1724 multa
1214 1683 1374 1744 perperam
1386 1666 1482 1723 intel-

318 1773 414 1848 lecta,
434 1771 533 1830 multa
549 1769 609 1826 alia
621 1767 742 1846 jocosae
756 1787 885 1848 poeseos
903 1771 1008 1848 generi
1023 1766 1124 1827 dando
1139 1787 1226 1842 esea,
1247 1776 1283 1824 nt
1298 1785 1329 1826 t.
1345 1768 1482 1844 12-19,

318 1873 383 1934 vid.
399 1876 452 1956 qui
467 1872 577 1933 rectius
590 1868 727 1949 judicent
743 1872 875 1950 Rupert.
897 1870 938 1931 ad
951 1876 1017 1930 Iur.
1032 1873 1057 1929 1.
1077 1892 1109 1952 p.
1127 1871 1253 1929 cxxxl
1265 1889 1334 1951 sqq.
1357 1869 1483 1949 (1801),

319 1977 449 2055 Koacg.
474 1973 512 2034 de
528 1974 593 2038 Sat.
615 1976 704 2034 Rom.
720 1994 750 2054 p.
765 1976 807 2038 62
825 1995 909 2058 sqq„
935 1975 1094 2037 Weland.
1116 1969 1482 2056 adh.100.p.39-45.,

323 2079 501 2159 capmarcoc
515 2075 552 2136 de
567 2074 695 2154 Chaapy
709 2073 892 2137 Deoouverte
903 2079 942 2138 de
959 2079 994 2137 la
1012 2079 1131 2138 misen
1143 2088 1202 2138 etc.
1223 2080 1276 2136 111.
1291 2099 1323 2160 p.
1338 2077 1402 2141 888
1413 2095 1484 2158 sqq.

321 2183 435 2240 Macco
446 2182 479 2238 in
496 2223 515 2255 ‚,
524 2179 719 2259 hhohhaege
728 2200 756 2238 r..
779 2181 902 2242 Sulzera
913 2181 1038 2264 allgem.
1062 2182 1168 2241 Thoar.
1177 2183 1197 2216 “
1216 2183 1268 2241 IV.
1281 2184 1314 2244 2.
1328 2201 1360 2260 p·
1370 2177 1484 2243 473-

321 2280 395 2346 481.
440 2283 486 2342 cf.
502 2283 692 2362 Cernpenon:
712 2281 806 2341 Eaeci
822 2305 877 2344 aar
893 2285 927 2343 lo
946 2287 994 2344 vie
1008 2297 1037 2343 et
1056 2285 1100 2345 lea
1121 2286 1210 2342 berria
1227 2283 1393 2342 d'Homoe.
1408 2285 1434 2341 1.
1450 2301 1485 2361 p.

321 2385 451 2442 XXXIX
465 2404 532 2465 sqq.
553 2395 583 2443 et
603 2404 681 2467 quac
696 2405 752 2444 nos
767 2387 826 2466 ipsi
842 2384 976 2448 diximus
989 2409 1022 2468 p.
1040 2390 1094 2451 21.
1107 2385 1181 2447 edit.
1205 2388 1234 2450 1.
1277 2387 1362 2446 Alios
1378 2381 1485 2443 laudat

322 2485 438 2544 Baete.
454 2488 497 2544 in-
506 2487 684 2546 Gaechichto
696 2488 749 2546 der
758 2493 833 2546 ro'm.
849 2489 915 2547 Lis.
931 2490 958 2565 §.
968 2486 1040 2554 104.
1046 2501 1111 2550 not.
1125 2495 1157 2556 7.
1172 2492 1254 2549 Ante
1267 2497 1485 2548 omneetamen

323 2586 362 2646 de
378 2591 461 2647 omni
476 2610 508 2648 re
523 2590 721 2650 subtilissime
732 2588 848 2669 judicat
867 2589 902 2647 0.
920 2590 1087 2649 Paeeoviue
1099 2593 1133 2650 in
1150 2591 1377 2652 dissertatione:
1401 2591 1487 2667 „Le-

324 2690 380 2748 ban
395 2689 462 2750 und
477 2691 623 2750 Zeitolter
632 2692 684 2750 dee
696 2695 776 2752 Hor.
786 2695 805 2727 “
822 2713 854 2772 p.
869 2694 947 2753 XIV.
966 2694 1188 2754 XVII-XXX.
1230 2695 1278 2754 cf.
1296 2691 1486 2776 Bernhardy.

330 2793 498 2853 Gracdriae
512 2795 544 2854 d.
561 2796 653 2854 Rem.
670 2797 735 2854 Le.
753 2816 784 2876 p.
801 2795 876 2858 238.
892 2805 924 2853 et
936 2793 1118 2856 A.Arnold:
1138 2797 1321 2856 DeaHorcz
1337 2797 1487 2877 Briefan

324 2897 373 2956 die
387 2897 530 2956 Pisonen.
552 2900 655 2958 Berlin
666 2899 747 2962 1886
758 2919 789 2978 p·
802 2900 833 2961 2.
851 2895 974 2956 Liibker
983 2898 1017 2956 in
1031 2917 1133 2978 progr.
1146 2897 1291 2959 scholast.
1307 2897 1486 2978 Schleswig,

326 2999 456 3080 1837.p.
467 3001 498 3062 5.
506 3019 553 3082 aq.
565 3002 653 3076 „Zur
664 2999 1158 3061 Charaktenttibdofloraae.“-
1166 3005 1248 3062 Num
1254 3005 1293 3060 ll.
1302 3003 1488 3082 inallegorie

323 3121 353 3162 v.
363 3103 412 3178 15,
421 3106 704 3182 quamirarisinest
712 3105 745 3162 in
751 3103 843 3161 verbo
850 3101 982 3181 lacapeca
991 3105 1098 3164 Vossio
1107 3115 1240 3163 nostrate
1246 3106 1384 3184 neglecta
1395 3105 1488 3183 (Pas-

324 3223 388 3264 sov.
396 3204 441 3262 l.l.
449 3207 485 3264 Ν.
494 3208 537 3270 57
537 3205 573 3286 .),
579 3205 619 3266 ad
625 3204 976 3266 PlatonisinTheaetato
985 3198 1185 3289 ἇνερμᾶτιστα
1195 3212 1297 3283 nicio,
1306 3208 1488 3290 quibuscum

325 3306 349 3364 ii
363 3318 589 3386 comparantur,
612 3311 665 3391 qui
680 3320 796 3368 certum
814 3319 918 3367 tenere
934 3328 1056 3368 cursum
1072 3311 1225 3387 nesciant,
1248 3313 1428 3391 respexerit,
1452 3321 1489 3370 ut

326 3409 369 3468 ait
385 3409 425 3467 P.
443 3411 560 3468 Petitur
574 3415 608 3469 in
626 3415 712 3472 Misc.
727 3413 812 3471 0bss.
827 3407 857 3484 4,
872 3411 905 3474 8.
920 3410 1044 3490 p.249.,
1061 3414 1193 3472 eliorum
1206 3415 1247 3472 sit
1256 3413 1416 3493 judicium.
1435 3413 1489 3474 Si·

325 3511 439 3570 militer
451 3511 513 3570 Cic.
528 3512 623 3574 Acad.
638 3516 669 3591 2,
681 3514 712 3590 3,
720 3516 750 3578 8.
764 3512 1105 3592 adquamcunqueamrt
1111 3516 1308 3595 decapolim
1316 3519 1408 3597 qnasi
1418 3527 1490 3574 terra-

320 3624 439 3694 peatcte
448 3613 556 3685 delati,
569 3615 613 3674 ad
620 3636 701 3688 eam,
714 3627 863 3696 tanquam
871 3614 1042 3690 adonem,
1051 3617 1281 3683 mihovmcuct.
1307 3619 1441 3700 quuio
1449 3615 1490 3676 ad

325 3715 485 3799 Phocylid.
507 3719 587 3780 112:
607 3721 704 3801 καιρῷ
716 3709 885 3800 λατρεύειν,
914 3713 983 3798 μ’μ’
995 3715 1166 3784 inmitem
1184 3715 1342 3803 ἀνέμοισιν
1356 3722 1490 3780 allusum

326 3818 528 3880 esaevidetur.
549 3822 595 3880 Dc
602 3821 694 3880 verbo
704 3819 817 3900 deferri
823 3822 959 3900 legitimo
968 3821 1006 3883 de
1013 3824 1229 3903 narIgantibus
1237 3819 1490 3882 dixitltuhnken.

327 3921 367 3982 ad
379 3925 457 3984 Vell.
472 3923 505 3998 1,
523 3925 552 3986 1.
566 3933 597 3982 et
614 3922 652 3983 de
666 3900 903 3983 constructiones
915 3922 1203 4006 addictio-deserar
1215 3922 1492 3985 recteSchmidius.

410 4028 447 4088 V.
464 4028 516 4091 16.
535 4028 585 4091 17.
608 4026 705 4085 Nono
717 4025 958 4105 agilia-catellae.
984 4027 1158 4088 Hoclrederi
1169 4027 1210 4088 ad
1223 4027 1307 4088 hunc
1321 4029 1426 4087 locum
1434 4028 1494 4086 cb-

328 4130 475 4206 serratio,
488 4128 537 4190 his
550 4130 687 4190 versibus
701 4139 731 4188 et
746 4129 796 4191 18.
813 4129 863 4192 19.
874 4130 1085 4191 tantummodo
1100 4132 1196 4190 animi
1208 4133 1416 4211 agitationem,
1432 4149 1494 4212 qna

328 4234 401 4292 Hor.
415 4253 448 4292 aa
462 4232 579 4293 dederit
592 4232 701 4294 studiis
715 4229 938 4314 philosophiae,
952 4233 1125 4313 significari,
1141 4253 1183 4294 cx
1195 4243 1410 4316 partatantum
1421 4253 1495 4291 rere

329 4343 386 4392 eat.
412 4337 535 4395 Etenim
557 4354 654 4416 quum
668 4338 711 4394 ait
733 4355 762 4394 r.
781 4333 811 4394 d.
829 4379 848 4411 „
857 4333 941 4393 denn
955 4354 1072 4394 warum
1089 4339 1179 4397 sollte
1198 4339 1299 4415 einer,
1326 4335 1381 4396 der
1399 4337 1495 4396 aelhst

328 4435 453 4496 Platone
471 4434 625 4516 Republik
637 4436 779 4512 studim,
793 4436 879 4496 nicht
895 4457 990 4517 sagen
1004 4436 1128 4515 diirfen,
1150 4461 1182 4497 cr
1196 4439 1306 4498 mische
1318 4451 1405 4500 water
1420 4439 1495 4518 (wia

329 4533 452 4597 lriiher:
476 4540 573 4598 onmis
591 4541 623 4598 in
638 4537 696 4599 hoc
712 4541 794 4622 eum)
815 4543 849 4600 io
864 4539 924 4600 deo
941 4540 1064 4622 Wrgeo
1078 4543 1131 4602 dea
1146 4539 1357 4624 bargcliclrcn
1363 4541 1492 4604 Lobana
