3450 5334
336 486 398 551 150
418 485 695 546 COMMENTARll
714 486 756 544 IN
768 484 936 544 HORATll
957 485 1089 550 EPIST.
1104 485 1271 549 SECUND.
1291 485 1368 549 ΜΒ.
1387 491 1413 546 l.
1456 485 1499 548 44

336 664 388 736 10,
405 658 470 740 3.),
490 655 684 716 Homericum
707 652 764 714 ud.
788 658 817 729 1,
839 655 875 718 5:
895 647 1076 738 Ἀρνόμενος
1088 648 1129 736 ἦν
1146 677 1179 717 τε
1200 651 1306 736 ψυχήν
1321 655 1373 719 καλ
1386 649 1498 719 νόστον

336 763 462 844 ῖταῖρων
475 793 518 804 -
531 777 594 816 non
613 754 720 816 eodem
740 775 800 838 quo
818 759 960 817 Horatius
974 779 1067 818 sensu
1081 759 1207 836 aooepit.
1250 759 1316 816 Hoo
1331 761 1497 817 Homemm

337 866 435 926 dicere
450 865 509 939 ait,
531 869 671 941 paratum
685 859 779 918 fuisse
792 861 937 936 Ulixem,
954 863 981 920 si
993 882 1040 921 res
1053 865 1095 919 ita
1108 861 1245 934 tulisset,
1264 855 1420 942 όῖρνοσθαι
1433 862 1455 917 i.
1470 881 1495 918 e.

336 969 423 1050 quasi
443 985 498 1046 pro
514 963 610 1045 pretio
634 961 706 1021 dare
727 959 779 1025 καλ
801 958 858 1044 τήν
876 961 988 1026 ἑαντοιῖ
1001 956 1106 1043 ψυχήν
1122 961 1174 1025 καλ
1191 957 1243 1024 τόν
1258 958 1369 1025 ἑαυτοῦ
1380 956 1498 1044 νόστον,

336 1067 405 1135 dori
430 1073 493 1132 τοῖν
519 1065 654 1148 ἑταῖρον.
696 1066 788 1124 lieote
814 1075 917 1124 autem
938 1069 1151 1144 interpretatus
1179 1074 1224 1123 est
1248 1065 1401 1124 Horatius.
1450 1065 1497 1123 cf.

335 1169 469 1234 Nitzsch.
483 1167 554 1228 adl.
572 1168 595 1226 l.
608 1199 652 1212 -
664 1187 772 1243 aspera
784 1167 882 1225 πιιιῖια
893 1179 978 1248 pert.-
1000 1171 1033 1225 in
1046 1167 1228 1226 sententiam
1242 1169 1331 1226 Hom.
1352 1165 1407 1226 0d.
1424 1168 1452 1242 1,
1466 1163 1497 1228 4.

221 1263 223 1273 ‚
335 1272 431 1341 πολλοὶ
452 1267 483 1336 d’
506 1263 558 1351 ὅγ’
578 1267 612 1332 ἒν
632 1263 731 1352 πόντῳ
745 1264 847 1332 πόθεν
864 1266 1024 1353 όλμιαοιο.
1068 1273 1146 1327 llino
1159 1272 1217 1349 Ep.
1237 1275 1267 1346 1,
1284 1273 1314 1345 7,
1329 1267 1380 1332 40.
1397 1268 1500 1346 proles

332 1379 476 1460 patientis
495 1373 603 1433 Πλῖνῖι.
649 1371 695 1428 cf.
711 1369 810 1450 Epod.
833 1373 884 1449 17,
911 1373 972 1450 16,
994 1370 1082 1432 Ovid.
1096 1394 1136 1432 ex
1151 1370 1284 1450 Ponti,
1300 1375 1348 1446 10,
1364 1372 1414 1445 9.,
1436 1371 1498 1428 Cio.

337 1483 375 1542 de
390 1480 475 1541 offic.
496 1479 525 1552 1,
545 1474 597 1550 81,
621 1473 692 1536 113.
741 1471 841 1548 Quam
861 1473 960 1532 multa
974 1496 1088 1553 passus
1110 1487 1155 1534 est
1173 1477 1275 1534 Ubiaee
1289 1477 1323 1532 ἱπ
1336 1471 1390 1531 illo
1403 1489 1500 1529 errore

336 1587 479 1644 diutrrmo
499 1589 571 1652 eto.,
597 1572 658 1633 vid.
679 1574 723 1632 ibi
742 1576 841 1633 Beier.
863 1611 903 1621 -
921 1578 1056 1638 adversis
1077 1598 1135 1637 rer.
1160 1575 1371 1636 immersobdie
1395 1575 1495 1633 madae.

336 1685 450 1760 Quodsi
464 1681 628 1743 Chabotius
641 1675 692 1735 hie
705 1686 846 1736 annotat:
870 1679 970 1754 „Sunt
982 1683 1073 1754 enim,
1088 1681 1142 1761 qui
1155 1681 1247 1739 undis
1258 1701 1358 1739 rerum
1369 1679 1407 1739 de
1418 1681 1499 1738 malo

337 1807 437 1848 rernm
461 1801 601 1842 successu
623 1790 703 1839 recte
729 1789 837 1859 putent
858 1767 1108 1862 intelligendurir3
1131 1794 1203 1843 sunt
1223 1785 1330 1858 etiam,
1358 1785 1499 1865 quisine

337 1893 401 1950 ulla
419 1886 616 1948 translatione
638 1884 742 1942 locum
763 1883 927 1962 accipiant,
956 1897 991 1944 ut
1011 1887 1118 1944 Ulixes
1137 1889 1230 1944 nullis
1246 1885 1383 1963 casibus,
1404 1887 1499 1944 nullis

336 1989 582 2072 tempestatibus,
603 1987 697 2044 nullis
721 1983 852 2066 denique
871 1987 961 2047 rebus
974 1987 1108 2048 adversis
1128 1991 1226 2047 rioms
1240 1989 1378 2046 fuerit:“
1397 1987 1501 2046 dedita

337 2113 427 2174 opera
439 2090 580 2169 ambigue
593 2092 729 2149 locutum
744 2107 809 2146 esse
826 2087 957 2148 dixerim
969 2094 1105 2151 Poetam.
1148 2089 1211 2151 Sed
1225 2093 1256 2149 in
1272 2088 1330 2150 hoo
1343 2093 1410 2150 loco
1429 2111 1501 2170 per-

338 2196 487 2276 eleganti,
505 2194 558 2274 qui
573 2193 705 2251 oolorem
719 2189 807 2250 duxit
825 2213 841 2250 e
857 2190 1041 2251 Graecorum
1053 2212 1207 2268 sermone,
1230 2193 1417 2254 observanda
1430 2203 1501 2252 sunt

337 2300 435 2380 plura.
477 2297 616 2352 Primum
634 2293 768 2352 αόνιτιῖι
790 2313 891 2351 mum
909 2294 1000 2354 undis
1019 2315 1080 2353 non
1103 2294 1212 2354 dicitur
1231 2317 1288 2376 pro
1306 2298 1502 2356 adversatam

338 2421 438 2458 rerum
453 2397 564 2470 undae,
586 2393 641 2456 sed
656 2398 702 2454 uti
717 2397 814 2475 Epist.
828 2397 859 2471 2,
875 2397 906 2473 2,
920 2399 994 2461 202.
1009 2398 1145 2456 adversis
1157 2397 1284 2456 Austrr'o
1291 2441 1304 2470 ,
1322 2410 1357 2458 ut
1381 2409 1502 2457 contra-

339 2505 419 2561 rium
433 2503 473 2561 sit
492 2502 569 2577 ejus,
592 2497 675 2580 quod
694 2495 786 2556 habet
800 2497 1031 2578 Chrysostomus
1053 2503 1086 2558 in
1105 2503 1218 2560 Homil.
1234 2503 1262 2564 1.
1276 2523 1302 2561 o.
1320 2504 1351 2565 1.
1392 2498 1501 2559 Matth.

338 2600 414 2667 κατό
426 2603 503 2683 ῥοῦν
516 2605 579 2664 ταῖν
593 2593 776 2683 πραγμότοον
787 2599 973 2683 φερομλνοιν.
1014 2603 1131 2661 Deinde
1143 2615 1178 2662 ut
1189 2625 1255 2664 roo.
1268 2609 1367 2685 κιῖμο,
1382 2599 1503 2666 κλόόων

340 2707 377 2767 de
393 2706 498 2789 quovis
512 2705 595 2762 malo
611 2702 721 2761 dicitur
734 2702 779 2781 (r.
799 2704 920 2762 Jacobs.
938 2702 977 2761 ad
988 2706 1104 2764 Deleot.
1118 2709 1222 2786 llpigr.
1245 2710 1295 2784 10,
1308 2705 1360 2781 35,
1374 2704 1438 2780 6.)ε
1459 2704 1503 2763 sio

339 2804 468 2890 πόματα,
481 2804 610 2888 πέλαγος
623 2814 653 2863 et
665 2805 777 2864 similia
789 2803 1032 2885 magnitudinem
1042 2809 1326 2869 velmultitudinem
1334 2827 1434 2866 rerum
1441 2809 1504 2865 im-

339 2915 443 2994 primis
456 2908 648 2968 adversarum
660 2908 805 2967 indicant.
825 2906 970 2989 Aeschyl.
987 2912 1052 2969 Vll.
1066 2931 1091 2969 o.
1107 2911 1208 2971 Theb.
1224 2911 1297 2976 104.
1317 2909 1405 2970 noth.
1420 2915 1504 2992 κῦμα

340 3010 465 3097 όνόροῖν
477 3045 518 3060 -
533 3005 670 3094 καχλάζει
689 3017 799 3088 πνοαῖς
809 3007 917 3094 Ἀρεος
936 3005 1092 3094 ὀρόμενον.
1113 3015 1250 3095 Supplio.
1269 3012 1342 3079 114.
1367 3009 1412 3076 Ἰοῖ
1431 3016 1504 3078 δοσ-

340 3114 477 3201 όγκριτοι
490 3109 593 3179 πόνοι.
615 3117 682 3176 Ποῖ
693 3108 760 3177 τόδε
778 3109 855 3196 κῦμ’
872 3108 996 3191 οῖπόξεις
1016 3115 1171 3175 Prometh.
1183 3119 1275 3175 vinot.
1292 3115 1367 3180 786.
1379 3117 1504 3196 Avari-

340 3212 433 3301 μερόν
446 3239 480 3300 με
491 3215 618 3298 πέλαγος
630 3209 836 3299 όιηροῖςόόης.
860 3217 901 3275 of.
914 3235 944 3275 v.
963 3217 1057 3280 1002.
1074 3220 1159 3277 Pers.
1168 3215 1242 3282 440.
1257 3210 1293 3282 sai
1304 3223 1408 3282 κακῶν
1421 3217 1504 3301 όροῖν

341 3315 451 3403 βόθος.
463 3315 622 3384 nialus.
633 3319 678 3380 Al
686 3318 827 3384 αῖκακοῖν
841 3315 1017 3402 θήπέλαγος
1028 3319 1159 3404 ἔρρωγεν
1169 3319 1243 3404 μέγα
1252 3319 1502 3404 ΠέρσαιςΕαιίρ.

341 3424 462 3503 llippol.
481 3421 555 3484 828.
580 3425 694 3484 Κακοῖν
717 3422 748 3483 d’
772 3415 895 3497 ότόλας
911 3419 1040 3505 πέλαγος
1054 3423 1163 3504 εῖςοροῖ
1184 3427 1344 3502 Τοσοῦτον,
1368 3419 1441 3500 diora
1459 3419 1502 3506 μή

341 3521 413 3591 ποτ’
427 3525 565 3590 ἐκνεῦσαι
574 3517 678 3599 πόλιν,
693 3517 784 3605 Μη8’
799 3523 1147 3607 ἒκπεροῖσαικιῖματῆςδε
1158 3531 1325 3608 συμφορᾶς.
1340 3526 1421 3586 llled.
1428 3523 1502 3590 864.

343 3627 388 3692 oio
402 3627 444 3702 εἰς
458 3621 617 3708 ἅπορονσὲ
626 3620 777 3702 κλόόοινα,
791 3624 876 3704 θέος,
893 3621 1029 3707 Μήδεια,
1043 3631 1147 3690 κακοῖν
1160 3623 1315 3711 ἐπόρευσε.
1330 3630 1503 3690 (lilloeler.

343 3731 382 3790 ad
401 3726 552 3787 Heraclid.
575 3729 691 3788 Pontio.
710 3750 742 3808 p.
761 3727 814 3790 68.
837 3730 958 3789 Jacobs.
980 3729 1020 3790 ad
1037 3733 1154 3790 Deleot.
1174 3733 1280 3812 Epigr.
1301 3733 1332 3810 9,
1353 3734 1407 3809 25,
1424 3732 1456 3794 8.
1473 3742 1505 3790 et

344 3829 713 3912 Stallb.ed1²1et.Symp.
730 3832 783 3894 28.
797 3853 829 3912 p-
843 3835 915 3896 128.
936 3832 1020 3891 Tum
1035 3834 1234 3913 ῥαπίζεσθαι
1239 3879 1249 3912 ,
1270 3835 1506 3910 κλοόοινλζεσθαι

343 3939 514 4016 similiaque
534 3937 628 3993 etiam
649 3935 794 3994 translate
817 3933 958 3993 dicuntur
975 3933 1014 3994 de
1030 3937 1086 4010 iis,
1108 3937 1162 4016 qui
1181 3937 1272 3997 malis
1288 3939 1455 3998 obruuntur
1476 3949 1506 3998 et

343 4043 562 4120 opprimuntur.
584 4034 662 4098 Vide
677 4056 770 4117 quem
783 4036 889 4097 laudat
903 4037 1122 4097 Stallbaumius
1135 4036 1176 4096 ad
1187 4040 1267 4097 Plat.
1281 4039 1416 4121 Euthyd.
1428 4044 1459 4104 7.
1474 4064 1505 4121 p.

343 4144 409 4218 98,
422 4140 548 4200 Dorrill.
561 4139 601 4198 ad
614 4137 727 4199 charit.
742 4162 773 4219 p.
786 4139 859 4203 807.
876 4140 928 4200 Sio
943 4142 974 4216 2,
988 4137 1018 4203 4.
1032 4162 1062 4220 p.
1079 4139 1131 4202 89.
1152 4134 1367 4222 βαπτιζόμενος
1377 4139 1441 4207 siud
1453 4147 1506 4223 τῆς

343 4245 508 4324 λπιθνμῖας
518 4247 658 4325 γενναῖος
670 4236 750 4324 οῖνήρ
765 4241 905 4326 λπειροῖτο
921 4238 1106 4322 όντέχεσθαι
1119 4237 1262 4327 καθόπερ
1279 4239 1313 4308 θλ
1327 4243 1360 4308 ἐκ
1373 4239 1507 4325 κύματος

344 4341 491 4410 όνέκοπτε
503 4342 596 4428 λέγων
613 4356 669 4406 eto.
692 4345 846 4428 Chrysost.
860 4351 900 4407 X.
911 4367 943 4427 p.
956 4347 1009 4407 72.
1024 4340 1066 4426 μή
1076 4344 1274 4427 ῥαπίζεσθαι
1285 4353 1348 4421 τοῖς
1360 4352 1507 4426 λυπηροῖς

345 4451 400 4511 τοῦ
409 4442 559 4529 παρόντος
570 4449 650 4528 βίον,
663 4445 740 4530 μηδὲ
748 4453 910 4528 φυσᾶσθαι
921 4453 986 4523 τοῖς
997 4452 1152 4529 λαμπροῖς.
1169 4457 1200 4506 et
1207 4449 1320 4508 llomil.
1333 4451 1361 4510 1.
1377 4467 1402 4504 ο.
1412 4449 1444 4510 6.
1460 4444 1507 4532 (et

345 4551 388 4610 ibi
398 4545 522 4630 Μοῒῐλι.)
543 4551 671 4634 πτωχείᾳ
684 4553 899 4633 βαπτισθῆναι.
920 4551 1066 4631 Apposite
1079 4550 1256 4630 Lambinus,
1270 4551 1431 4632 Gruquius,
1455 4551 1507 4610 alii
