3450 5334
343 518 410 585 ³8⁰
461 522 805 586 comitialium
818 521 986 586 nouam
1002 522 1078 585 LlB.
1092 525 1115 585 1.
1136 522 1264 587 EPIST.
1279 524 1393 587 SEPT.
1438 528 1505 590 108

344 710 489 788 Quicquid
509 712 619 788 eredis,
653 711 727 771 hane
754 718 787 771 ot
803 730 948 790 personae
973 710 1022 771 vili
1044 730 1079 770 ao
1107 713 1185 771 tenui
1213 718 1312 771 notam
1335 714 1504 791 appositum

342 818 423 871 recte
444 813 514 872 dicit
534 812 700 872 amima.
743 815 804 872 Sed
825 820 857 874 et
876 816 907 873 in
931 815 1033 873 haere
1054 814 1183 873 nonnulli
1208 817 1382 894 interpretes
1405 818 1502 875 sordi-

342 916 409 973 dam
425 916 567 991 quandam
586 917 781 991 tenacitatem,
801 936 902 996 parum
923 916 1141 975 convenientem
1161 916 1288 976 moribus
1304 917 1387 995 hujus
1408 918 1501 976 homi-

341 1016 387 1072 nis
405 1035 452 1073 vv.
467 1016 509 1078 57
521 1048 561 1061 -
573 1018 625 1079 59.
644 1019 796 1098 descriptis
816 1020 1041 1077 animadvertere
1060 1015 1114 1075 sibi
1135 1016 1188 1075 visi
1207 1024 1284 1075 sunt.
1326 1018 1384 1087 Qui
1406 1019 1503 1077 offen-

342 1118 448 1177 duntur
467 1137 495 1176 v.
515 1120 656 1198 proprios
679 1122 816 1201 augum,
849 1118 969 1178 Poetam
993 1120 1094 1196 jocose
1116 1120 1242 1178 officium
1261 1120 1404 1194 tonsoris,
1440 1138 1503 1195 quo

341 1220 426 1277 homo
444 1220 492 1279 ille
511 1223 577 1301 ipse
597 1223 712 1282 limatus
732 1225 787 1298 sit,
826 1241 861 1281 ex
887 1223 1095 1282 contrariomm
1114 1224 1227 1281 ratione
1256 1220 1417 1298 significare
1440 1238 1502 1278 non

340 1322 449 1382 vident.
490 1322 538 1383 De
557 1324 716 1386 Horatiano
735 1325 819 1402 liujus
839 1343 904 1384 voe.
926 1344 982 1385 usu
1002 1324 1059 1383 vid.
1080 1321 1256 1382 Lribloerum
1271 1326 1309 1383 ad
1330 1324 1388 1381 Od-
1414 1324 1444 1398 1,
1468 1325 1500 1397 1,

340 1423 372 1485 9.
394 1432 482 1503 atque
502 1428 541 1486 de
561 1428 616 1486 ltoo
635 1430 764 1487 tonsoris
785 1426 882 1485 officio
904 1425 997 1485 Plant.
1018 1423 1112 1485 Amul
1135 1428 1165 1500 2,
1185 1419 1218 1500 4,
1240 1421 1293 1486 34.
1336 1424 1399 1481 Val.
1419 1423 1498 1483 Max.

340 1523 373 1604 4,
394 1531 426 1604 2,
449 1528 499 1592 15.
542 1528 714 1606 Meta,
736 1524 790 1605 74,
811 1529 843 1591 3.
886 1528 1014 1587 Broukh.
1037 1534 1067 1587 et
1087 1525 1167 1586 Dias.
1192 1528 1230 1586 ad
1254 1524 1321 1585 Tib.
1347 1528 1376 1601 1,
1398 1526 1419 1587 8
1439 1524 1499 1603 (9),

341 1631 393 1694 12.
441 1631 553 1709 Bottig.
581 1631 680 1690 Sabin.
707 1651 737 1710 p.
756 1630 830 1693 355.
880 1630 1006 1689 Becker.
1033 1630 1072 1689 ad
1102 1628 1179 1687 Gall
1207 1629 1231 1688 Ι.
1260 1647 1292 1706 p.
1313 1626 1388 1690 330.
1431 1626 1499 1687 lam

339 1739 419 1791 reete
442 1732 583 1810 judioabis
612 1736 650 1793 de
678 1734 820 1811 scriptura
840 1733 967 1811 proprio
996 1750 1032 1791 ex
1062 1730 1220 1811 Xylorsdri
1246 1731 1498 1808 interpretatione:

339 1834 392 1910 „in
410 1833 465 1892 lios
485 1854 555 1894 usus
572 1836 687 1913 iaeto,“
707 1856 743 1897 ex
762 1832 890 1893 Boua:
913 1835 986 1913 „qui
1005 1834 1134 1893 tonsoria
1156 1832 1246 1892 cultro
1267 1832 1308 1893 uti
1329 1830 1438 1907 nollet,
1460 1850 1498 1889 ne

340 1938 408 2014 qnid
428 1956 483 2017 pro
500 1957 536 1998 eo
555 1957 669 2016 qnoque
688 1937 784 1997 officio
804 1937 859 1995 sibi
872 1938 1078 1996 numerandum
1093 1935 1205 1994 foret.“
1224 1964 1268 1979 -
1283 1932 1329 1992 Ad
1343 1953 1407 1992 voc.
1422 1932 1498 1991 tout

340 2050 398 2110 ter,
420 2041 439 2099 i.
461 2060 488 2100 e.
509 2040 602 2116 lente,
623 2039 792 2117 tranquille,
814 2040 843 2099 l.
857 2039 983 2099 Merkel.
995 2036 1040 2118 *):
1062 2035 1295 2116 „gemiehlich‚“
1320 2034 1496 2094 &ammius

338 2141 437 2202 laudat
456 2140 553 2219 Epist.
577 2144 613 2218 1,
641 2144 698 2219 18,
726 2140 780 2203 97.
833 2142 940 2203 Solueff.
962 2144 999 2203 ad
1021 2136 1144 2198 Phaedr.
1169 2140 1205 2215 1,
1234 2136 1294 2215 25,
1322 2140 1353 2200 7.
1409 2138 1498 2196 Ouid.

338 2240 437 2301 Amor.
459 2248 489 2319 1,
512 2245 543 2319 6,
565 2245 596 2304 7.
641 2244 699 2313 Qui
719 2242 872 2323 slsguutsr
887 2244 1040 2323 explicant,
1061 2241 1192 2320 Philippo
1210 2240 1371 2299 attribuunt
1386 2238 1497 2316 Lyncei

339 2344 456 2417 oculos3
476 2364 566 2423 quare
586 2345 699 2423 dubito,
719 2366 782 2406 rom
802 2351 881 2405 recte
902 2343 1104 2402 Bmmannm
1123 2345 1161 2402 ad
1175 2341 1293 2403 Petron.
1309 2343 1361 2405 31.
1376 2362 1407 2420 p.
1422 2344 1495 2406 121.

333 2449 439 2525 pueros
460 2446 653 2524 paromolu'a
681 2468 752 2505 oum
776 2448 896 2527 sisgmti
920 2444 1088 2505 saboim
1109 2444 1283 2505 odenatus
1302 2464 1365 2503 voe.
1391 2442 1497 2502 hiala

337 2550 414 2607 idem
435 2566 500 2606 esse
519 2549 598 2625 quod
618 2546 769 2606 oubdh‘ter
787 2549 902 2608 dixerit.

420 2645 456 2705 V.
485 2648 525 2713 52
540 2680 583 2692 -
597 2647 650 2712 55.
693 2649 832 2708 Demetri
857 2680 902 2695 -
927 2648 1067 2707 Menam.
1110 2648 1174 2708 Jam
1203 2648 1350 2728 Philippus
1373 2650 1496 2726 quadam

337 2741 515 2835 aispnxsllp
534 2749 672 2828 impulsus
692 2770 746 2831 per
762 2752 943 2813 Demetrium
963 2770 1076 2811 servom
1095 2754 1259 2830 percontari
1277 2752 1360 2830 jobet
1380 2772 1437 2813 non
1458 2773 1495 2813 ex

336 2856 472 2928 tonsore,
500 2854 543 2911 uti
559 2853 693 2930 opinatur
711 2854 909 2913 Hootsdmo
928 2855 968 2913 ad
987 2872 1015 2911 v.
1037 2852 1109 2929 oa,
1137 2858 1226 2929 atque
1245 2854 1301 2913 sibi
1319 2856 1496 2932 persuadent

335 2954 382 3013 vel
402 2953 564 3033 complures
585 2974 702 3034 eonnn,
729 2958 780 3035 qni
799 2964 947 3017 tonsorem
968 2955 998 3013 in
1018 2954 1162 3015 tonstrina
1183 2974 1241 3014 nou
1261 2956 1388 3015 adfuisse
1406 2958 1493 3035 paulo

335 3062 404 3116 ante
422 3061 621 3137 conjecerunt,
639 3060 694 3118 sed
714 3078 748 3118 ex
766 3059 879 3119 homine
901 3061 985 3137 ipso,
1006 3058 1070 3135 quis
1091 3058 1138 3116 ait
1181 3057 1295 3117 Etenim
1313 3056 1402 3117 verba
1419 3078 1494 3136 quae

335 3166 494 3237 sequnntur
505 3180 535 3218 v.
550 3160 591 3223 55
609 3180 674 3239 sqq.
693 3180 760 3220 esse
779 3162 869 3240 ipsios
886 3160 991 3221 Volteii
1013 3166 1091 3219 certe
1107 3158 1169 3218 vult
1186 3160 1322 3219 Horatius
1340 3166 1371 3219 et
1391 3164 1494 3221 suadet

335 3262 379 3319 rei
400 3264 524 3324 oomicae
537 3262 655 3339 elegans
669 3263 806 3338 gravitas.
850 3265 1037 3342 Quapropter
1052 3280 1164 3338 vereor,
1185 3280 1222 3320 ne
1242 3260 1387 3333 Orellius,
1405 3282 1492 3340 qutun

335 3383 371 3422 ex
392 3364 504 3422 verbim
517 3374 590 3442 post
608 3363 710 3422 ώοὼα
729 3368 850 3443 negotiis
871 3385 992 3443 eampo,
1013 3362 1156 3422 Volteium
1169 3366 1237 3421 tune
1251 3363 1344 3443 ipsum
1361 3366 1390 3425 iu
1404 3366 1490 3423 Cam-

334 3485 405 3544 pum
424 3464 560 3526 Martium
579 3467 622 3525 ire
642 3468 673 3525 in
693 3470 788 3526 animo
813 3466 964 3544 habetisne,
996 3486 1032 3526 ex
1053 3484 1110 3544 qua
1129 3484 1162 3525 re
1182 3484 1341 3545 apparere,
1372 3486 1492 3547 puerum

420 3650 453 3723 *)
473 3655 544 3709 llum
563 3658 632 3713 lusae
652 3659 754 3727 scribo,
775 3657 840 3713 milri
860 3657 980 3712 traditor
999 3656 1027 3713 .1.
1043 3655 1166 3711 Merkelii
1185 3658 1277 3711 versio
1298 3674 1367 3728 quaa
1390 3657 1490 3711 dicitur

334 3740 521 3812 Epistolsrum
540 3743 609 3798 Hor.
631 3744 872 3814 (Asoluallenburg²
894 3742 940 3797 bei
963 3742 1017 3802 Tu.
1038 3742 1150 3812 Pergay
1172 3742 1249 3811 [carl
1268 3742 1371 3813 Krabs]
1395 3738 1490 3811 1841.)

335 3826 414 3888 Quae
435 3826 470 3881 V.
494 3827 522 3880 d.
544 3829 579 3882 de
600 3829 678 3898 hujus
697 3830 842 3900 Epistolae
861 3827 1039 3883 translations
1060 3845 1076 3881 a
1100 3828 1237 3882 Gintlero
1258 3828 1332 3882 iacta
1345 3835 1411 3882 nota
1424 3846 1489 3899 qna-

333 3909 394 3965 dosn
415 3910 539 3965 censoria
558 3932 586 3984 p.
608 3914 689 3967 XVII
701 3944 738 3955 -
752 3914 844 3968 xxti.
867 3914 958 3983 docet,
978 3913 1117 3967 mammam
1137 3920 1243 3983 partem
1258 3914 1433 3983 approbanda
1446 3914 1489 3966 vi-

333 3996 442 4050 dentur.
485 3998 626 4053 Dissentio
646 4004 736 4053 tamen
758 4000 793 4053 ds
818 4014 845 4052 r.
868 3993 928 4068 24„
961 3997 996 4051 ad
1021 4015 1099 4068 quem
1119 3998 1187 4052 haee
1207 4006 1337 4054 annotet:
1368 4000 1488 4067 „Horas

332 4082 391 4135 will
411 4082 488 4136 nicht
509 4100 609 4154 sagon,
646 4084 711 4138 dass
730 4086 799 4139 suctu
820 4100 852 4137 er
870 4086 928 4139 sioh
948 4082 1082 4137 hemilion
1103 4082 1200 4151 wolle,
1234 4085 1353 4138 sondsrn
1372 4086 1434 4139 dass
1456 4102 1489 4137 ar

333 4167 419 4223 durch
432 4168 493 4223 sein
506 4169 645 4241 Betragan
665 4171 733 4224 aneln
754 4170 856 4225 seinsm
877 4170 1050 4223 Wohlthiter
1072 4168 1147 4223 Ehra
1168 4170 1278 4225 macheu
1298 4170 1411 4225 wolle.“
1443 4171 1488 4225 lix

333 4261 429 4308 nostra
449 4261 548 4324 autaut,
569 4272 648 4329 quam
668 4272 751 4328 supra
771 4257 923 4328 posuimus,
945 4254 1177 4325 interpretatione
1199 4256 1287 4309 Poeta
1309 4262 1384 4310 toste
1403 4256 1488 4326 signi-

333 4339 414 4406 fieat,
437 4308 482 4393 ‘se
511 4358 528 4393 a
551 4341 711 4396 Maecenate
740 4360 789 4396 sno
818 4342 889 4397 dona
915 4340 1044 4395 illiberali
1074 4339 1230 4394 conditione
1259 4358 1312 4394 non
1339 4343 1487 4412 accepisse.

333 4422 448 4476 laillceri
466 4425 537 4479 liber
557 4428 646 4481 bonae
667 4427 755 4498 frugis
776 4428 957 4499 plenissimus,
980 4442 1058 4498 quern
1079 4424 1226 4495 aliquoties
1249 4427 1425 4495 laudavimus,
1446 4427 1488 4481 sie

332 4507 481 4577 inscriptus
503 4516 560 4564 este
583 4515 777 4580 „commentar
797 4529 832 4568 ao
853 4514 971 4570 Horas’s
995 4510 1085 4581 Odeu,
1107 4510 1182 4566 linoln
1203 4512 1267 4567 1-
1281 4512 1352 4568 lll.“
1375 4512 1487 4567 Sohles·

333 4592 406 4663 wige
426 4594 473 4647 bei
489 4595 533 4649 31.
547 4598 650 4652 Brnlm.
672 4594 751 4654 1841.
