3450 5334
336 539 380 606 62
442 543 720 604 commun
741 545 783 602 ΙΝ
804 541 972 603 nouam
993 542 1124 603 llPlS'l'.
1145 544 1349 604 9111111111.
1371 547 1394 604 1.

336 711 507 793 (Horatius)
524 733 591 772 eom
606 714 755 772 contrario
768 714 953 785 terminavit,
975 723 1009 770 ut
1027 715 1056 772 si
1070 713 1196 772 diceret:
1210 711 1336 772 Bonum
1346 724 1403 784 eat,
1415 714 1500 792 quod

336 799 596 876 mlummneai.
634 815 827 894 Quummim
842 814 920 894 quid
936 816 1234 889 sumammuh,-
1256 817 1497 894 8886888981-

335 920 405 978 dan
421 919 498 999 quid
508 921 562 990 sit,
582 920 654 976 scio.
699 921 780 976 Num
795 915 1001 987 Quintilianus
1015 921 1090 980 lust.
1104 919 1135 994 9,
1156 919 1195 993 8,
1212 920 1264 982 10.
1284 915 1368 976 huno
1385 920 1496 992 188888,

336 1032 371 1080 ut
386 1023 527 1104 opinatur
541 1020 718 1096 Lambinus,
740 1020 955 1098 explicaverit,
977 1021 1109 1082 aliorum
1123 1021 1246 1080 arbitrio
1260 1019 1497 1100 permittendum

336 1135 393 1182 ast.
436 1121 484 1182 Ad
503 1125 684 1183 senteutiam
701 1124 800 1202 ipsam
822 1121 958 1200 apprime
976 1124 1050 1182 facit
1066 1125 1139 1184 Juv.
1161 1123 1219 1198 13,
1240 1123 1313 1186 187.
1357 1123 1498 1180 Ρίιινὶηια

327 1225 411 1306 felia
424 1226 578 1305 paullatim
596 1226 674 1285 uuo
693 1234 785 1303 aeque
800 1243 912 1282 moras
925 1229 1006 1284 88811
1018 1247 1119 1286 omm
1125 1268 1140 1298 ,
1161 1225 1271 1282 Primo
1285 1225 1371 1284 docet
1384 1235 1498 1283 rectam

335 1331 496 1408 sapimus.
522 1339 552 1388 et
569 1329 677 1388 88888.
698 1329 795 1406 Epist.
814 1327 869 1388 28.
898 1325 1025 1386 lutum
1047 1339 1091 1386 ost
1111 1325 1221 1386 881888
1242 1328 1349 1386 notitia
1361 1329 1493 1404 peccati.

336 1431 468 1511 Egregie
482 1430 559 1489 mihi
573 1431 682 1488 divisse
697 1427 816 1488 videtur
828 1429 993 1506 Epicuncs.
1038 1430 1125 1489 Nam
1140 1432 1196 1509 qui
1204 1449 1333 1508 pecuare
1344 1450 1375 1488 es
1389 1432 1497 1499 macie,

336 1535 449 1613 sunago
459 1554 521 1592 non
532 1531 609 1591 uolt.
655 1533 701 1590 cf.
716 1528 760 1590 id.
776 1531 828 1594 96.
858 1531 1007 1591 Similiter
1031 1531 1070 1592 da
1089 1534 1225 1594 oratione
1242 1541 1348 1592 oruata
1370 1532 1495 1604 Quintil.

335 1637 375 1709 8,
394 1633 433 1710 8,
452 1630 505 1698 41.
523 1636 627 1715 prim
641 1635 737 1694 vti-tus
755 1643 818 1703 ast,
839 1635 912 1692 vitto
927 1653 1037 1692 oame.
1082 1636 1129 1694 lle
1142 1655 1200 1694 usu
1215 1635 1356 1693 infinitivi
1369 1633 1496 1712 perfecti

335 1755 391 1816 pro
409 1739 520 1798 aosisto
534 1735 597 1796 vid.
614 1757 696 1794 8888
713 1732 851 1796 8818816.
865 1735 905 1794 86
914 1737 1013 1816 Epist.
1029 1738 1086 1813 17,
1106 1736 1138 1800 6.
1180 1739 1300 1800 1118888.
1320 1735 1360 1796 86
1373 1736 1447 1798 Tib.
1465 1738 1495 1810 1,

337 1841 367 1916 1,
383 1837 436 1904 46.
452 1851 483 1900 at
496 1836 640 1900 Hauthal.
657 1837 697 1897 ad
717 1881 737 1914 ‚,
746 1839 808 1896 Die
822 1838 945 1897 Saum
955 1837 987 1897 d.
1006 1839 1123 1897 Pm.“
1144 1860 1175 1919 p.
1191 1843 1246 1904 96.

420 1946 457 2004 V·
481 1937 632 2006 42-44.
675 1942 903 2002 sententiarum
918 1959 1035 2000 nexant
1057 1944 1205 2002 Homines
1222 1952 1341 2018 autem,
1363 1951 1399 2000 ut
1414 1951 1495 2014 suut,

332 2065 456 2106 summo
475 2065 565 2126 opero
584 2063 647 2104 nou
671 2045 842 2120 8868111888,
864 2041 920 2104 sed
933 2063 983 2102 ras
999 2045 1115 2103 alienas
1130 2046 1246 2105 evitant
1260 2042 1300 2104 ad
1315 2045 1495 2125 sapiautimn

330 2147 414 2208 nihil
429 2150 623 2228 pertinentes.
672 2147 763 2207 Vides
782 2157 828 2207 ast
846 2143 1046 2228 apostrophe,
1067 2167 1129 2228 qua
1149 2168 1214 2208 888
1230 2167 1297 2208 rato
1319 2147 1357 2206 ab
1379 2166 1434 2221 88,
1456 2143 1494 2204 86

335 2251 564 2330 quamproprie
582 2249 738 2326 scribitur,
761 2248 800 2308 ad
816 2251 893 2310 alios
907 2259 962 2308 sut
979 2251 1073 2329 vulgo
1091 2252 1288 2332 sapientiores
1311 2247 1496 2309 convertitur

334 2353 448 2424 oratio,
470 2361 523 2409 aut
544 2348 583 2409 86
602 2353 685 2431 ipsos
710 2361 783 2413 uota
807 2349 933 2429 dignos,
962 2354 1140 2431 praesertim
1161 2373 1258 2436 qaum
1272 2355 1369 2412 Poeta
1388 2349 1496 2411 ardore

335 2451 468 2533 quodam
484 2455 626 2511 incitatus
639 2454 671 2510 18
686 2451 864 2532 depravatos
884 2455 1059 2534 aequalium
1069 2475 1170 2516 moras
1190 2452 1352 2515 invehitur.
1374 2455 1496 2515 Utrius-

335 2575 395 2636 quo
410 2555 454 2612 rei
471 2555 613 2634 exempla
627 2550 722 2613 habas
737 2555 860 2635 ubique,
883 2555 938 2614 aad
954 2555 1016 2616 vid.
1030 2578 1060 2617 v.
1074 2559 1126 2620 28.
1144 2559 1197 2624 67.
1215 2561 1267 2622 91.
1285 2559 1337 2634 19,
1355 2557 1406 2622 19.
1428 2557 1493 2618 sat.

337 2658 366 2731 1,
390 2657 418 2730 1,
437 2656 480 2719 88
493 2673 559 2736 sqq.
578 2656 608 2732 6,
625 2656 677 2718 18.
697 2657 768 2720 110.
810 2659 944 2718 Praeivit
956 2663 1075 2720 Luoret.
1093 2663 1131 2737 3,
1152 2660 1245 2726 1068.
1288 2661 1354 2733 Qua
1369 2658 1495 2741 quidam

335 2759 543 2816 observatione
560 2777 623 2816 non
641 2758 817 2836 negabitur,
839 2761 915 2819 alias
933 2764 1026 2820 stiam
1046 2765 1138 2822 aliam
1154 2782 1220 2823 assa
1239 2763 1431 2822 allocutionis
1444 2782 1495 2821 ra·

332 2865 460 2922 tionem.
503 2861 549 2920 cf.
566 2858 702 2920 6818816.
719 2860 758 2919 86
772 2863 870 2943 Epist.
889 2865 922 2940 1,
938 2867 995 2942 16,
1011 2865 1063 2930 63.
1105 2863 1242 2927 11881886.
1262 2861 1303 2923 86
1317 2867 1355 2924 A.
1368 2866 1404 2923 Ρ.
1422 2865 1493 2928 168.

334 2973 366 3023 et
379 2965 598 3043 Morgeustem.
615 2962 654 3023 68
668 2962 841 3024 discrimine
854 2967 918 3026 Sat.
941 2977 1033 3047 atque
1049 2970 1145 3049 Epist.
1165 2970 1283 3045 11888.
1302 2961 1354 3028 94.
1397 2965 1493 3026 Simi-

333 3068 404 3126 liter
421 3067 529 3126 088881
552 3060 630 3149 ὁρᾶν
644 3077 806 3146 88888888,
829 3069 981 3128 8111886.
998 3068 1038 3129 ad
1054 3091 1082 3130 v.
1095 3073 1146 3135 01.
1161 3103 1204 3114 -
1227 3069 1340 3127 comm
1352 3068 1494 3148 origg-usu,

334 3170 389 3250 qui
406 3167 461 3228 06.
478 3171 514 3244 2,
534 3169 593 3245 16,
614 3169 681 3246 18.,
701 3171 759 3248 Ep.
780 3170 814 3244 1,
833 3171 870 3245 7,
886 3170 939 3233 66.
961 3191 1067 3230 cemus
1080 3171 1177 3230 brevis
1190 3181 1222 3229 ot
1238 3190 1286 3250 ap.
1299 3171 1373 3229 Juv.
1395 3169 1446 3244 18,
1461 3174 1492 3234 7.

335 3273 433 3328 tenuis
447 3281 508 3346 ast,
531 3279 680 3350 quantum
695 3272 813 3330 malum
826 3273 934 3348 fuerit,
961 3271 1065 3330 videro
1083 3271 1154 3330 lioet
1177 3293 1219 3332 ox
1235 3273 1300 3332 Sat.
1317 3274 1355 3347 2,
1376 3273 1415 3347 3,
1438 3274 1490 3337 92

333 3369 390 3432 06.
407 3373 438 3447 3,
453 3369 504 3447 24,
518 3369 571 3436 42.
586 3373 663 3430 aliis.
686 3373 764 3429 11188
778 3375 850 3433 Juv.
871 3374 1010 3450 14,’173.
1040 3373 1197 3452 Indesers
1209 3373 1355 3432 scelerum
1368 3392 1493 3444 888888,

333 3495 388 3534 uso
401 3473 499 3552 plura
518 3495 633 3532 veruna
648 3475 796 3546 Miscuit,
822 3486 878 3534 aut
887 3476 977 3556 serm
993 3485 1156 3554 grassatur
1169 3477 1290 3553 saepius
1303 3474 1405 3534 ullum
1416 3476 1492 3533 Hu-

333 3597 443 3637 manae
456 3578 566 3636 mentio
584 3577 706 3647 vitium,
730 3598 823 3657 quam
839 3598 932 3637 saeva
949 3577 1060 3655 cupido
1080 3578 1228 3638 Indomiti
1244 3599 1360 3638 888888.
1403 3577 1491 3640 0816.
1574 3607 1580 3618 ·

331 3683 412 3738 Fast.
428 3680 463 3754 1,
477 3679 550 3750 21].
573 3679 642 3737 Dat
653 3699 759 3738 census
772 3679 912 3751 honores,
937 3682 1049 3742 088888
1060 3683 1229 3740 audoinus.-
1245 3702 1367 3761 pauper
1381 3679 1493 3760 ulique

323 3787 420 3859 jacet.
445 3782 551 3841 Seuao.
565 3782 661 3862 Epist.
681 3779 752 3844 116.
773 3780 898 3840 Sallust.
912 3783 977 3842 cat.
994 3783 1106 3858 1262.
1126 3785 1198 3862 Jug·
1213 3785 1265 3848 86.
1285 3787 1408 3844 Petron.
1418 3785 1490 3848 119.

327 3887 395 3944 018.
414 3882 472 3943 0ff.
494 3886 529 3959 1,
547 3885 579 3947 8.
621 3885 667 3942 De
685 3902 778 3941 88888
797 3884 936 3943 Romano
955 3883 994 3943 ad
1015 3895 1134 3945 nostros
1154 3885 1285 3946 calculos
1302 3888 1398 3946 relato
1412 3887 1492 3946 boue

333 3985 412 4046 dixit
428 3987 586 4046 Meierotto
598 3987 646 4045 in:
676 3985 767 4044 Uiber
778 3985 826 4043 die
847 3985 945 4045 sitan
958 3987 1025 4046 und
1033 3987 1201 4048 Lobossort
1213 3989 1267 4048 der
1277 3989 1400 4048 Rima.
1421 3992 1445 4048 l.
1460 4010 1490 4069 p.

329 4090 374 4151 16
390 4107 458 4169 sqq.
479 4087 526 4147 86.
550 4084 642 4152 1814.
685 4089 726 4146 Et
751 4106 810 4168 quo
839 4089 936 4167 major
953 4092 1009 4149 tali
1028 4111 1132 4150 rarum
1150 4089 1322 4151 conditione
1340 4089 1493 4151 honorum

331 4193 483 4252 eontentio
499 4201 578 4268 arat,
608 4211 644 4252 88
661 4192 777 4272 turpior
792 4190 953 4252 videbatur
972 4195 1111 4273 repulsa,
1138 4195 1172 4252 18
1188 4214 1282 4274 quam
1301 4214 1367 4254 rem
1387 4196 1491 4255 (liooro

330 4293 469 4370 011181,
490 4295 550 4368 21,
569 4295 621 4357 71.
642 4293 784 4352 videntur
798 4293 915 4354 labores
936 4307 965 4353 et
981 4298 1146 4367 mlum,
1167 4307 1233 4354 tum
1250 4296 1493 4377 offemsonumet

330 4395 521 4473 repuharum
532 4397 624 4475 quusi
636 4397 793 4477 quondam
808 4401 1008 4478 ignominam
1023 4402 1126 4458 tinwa
1139 4409 1169 4455 et
1183 4398 1358 4478 infamans.
1382 4394 1490 4458 Sidou.

330 4497 464 4577 Apollin.
486 4498 584 4557 0888.
603 4499 633 4563 6.
658 4520 689 4580 p·
707 4502 781 4565 287.
824 4499 988 4561 nunsula
1010 4503 1147 4580 trisfique
1163 4501 1287 4580 repulsa
1299 4501 1374 4558 Non
1387 4500 1492 4560 mods-

330 4599 432 4660 moda
445 4598 543 4671 mbo,
565 4621 644 4681 quaa
658 4603 848 4682 defendendo
860 4605 991 4684 putasti.
1036 4603 1101 4678 088
1122 4603 1226 4664 881888
1242 4605 1368 4664 tulerunt
1385 4605 1488 4679 istam,
