3450 5334
348 503 411 574 1³⁶
432 511 714 574 contemnam
731 511 773 570 nt
790 509 959 570 nonam
979 507 1110 570 arist.
1124 507 1289 574 sltcuttn.
1309 510 1386 571 LlB.
1398 513 1425 572 l.
1467 512 1512 578 30
1615 465 1618 470 ι

346 702 450 742 renim
477 681 651 764 disciplinas
679 701 803 764 operam
830 679 1028 764 impenderet.
1077 683 1200 741 Mecum
1222 680 1359 741 sentiunt
1385 681 1508 760 Sensi,

347 789 432 863 Vel„
458 785 601 866 Dorigh„
630 783 822 846 Achaintrius
835 785 875 866 *),
898 787 960 852 alii.
1010 787 1119 845 Nescio
1140 795 1258 859 autem,
1285 787 1397 865 quibus
1417 791 1511 849 ratio-

346 891 436 948 nibus
456 888 597 948 inductus
618 890 711 948 liar-u.
733 891 767 948 in
786 889 891 949 tabula
911 886 1124 968 chronologica
1142 898 1263 966 tempus
1284 891 1414 970 scriptae
1434 893 1512 972 Epi-

346 992 443 1052 stolae
470 989 510 1050 ad
536 1011 651 1050 annum
670 991 746 1055 738.
773 991 920 1052 retulerit.
963 991 1106 1050 Ceterum
1125 999 1231 1048 utrum
1260 987 1312 1049 hio
1332 995 1450 1053 Lollius
1471 1013 1511 1053 an

346 1095 475 1154 fratrum
494 1115 575 1154 unus
595 1095 687 1154 luerit
707 1105 793 1174 pater
805 1084 1109 1169 LolliaePaullinae,
1132 1092 1204 1172 (lajo
1221 1091 1377 1172 Caligulae
1397 1106 1512 1178 nuptae

347 1215 383 1257 ao
403 1199 527 1258 luxuria
552 1198 648 1256 nimia
674 1197 892 1278 immensisque
918 1195 1032 1257 divitiis
1052 1197 1188 1255 famosae
1208 1192 1349 1274 (Sueten.
1367 1196 1463 1278 celig.
1485 1219 1510 1262 c.

346 1299 410 1377 25„
433 1299 537 1360 Claud.
560 1319 587 1359 c.
607 1300 669 1375 26„
690 1301 771 1359 Plin.
792 1303 830 1358 H.
850 1303 890 1365 N.
911 1299 942 1375 9,
963 1297 1026 1375 35,
1046 1299 1148 1358 Tacit.
1165 1300 1246 1358 Ann.
1269 1298 1320 1374 12,
1341 1300 1370 1362 1.
1391 1294 1511 1384 (ibique

347 1404 432 1483 Lips.
450 1413 481 1461 et
496 1401 609 1484 llyck.)
631 1405 663 1466 2.
684 1405 737 1466 22.
765 1398 816 1476 14,
840 1403 889 1464 12.
910 1402 1007 1461 Solin.
1023 1420 1049 1463 ο.
1067 1401 1119 1465 53.
1143 1421 1214 1460 cum
1235 1403 1427 1462 annotatione
1439 1405 1512 1462 Sal-

346 1508 451 1582 masli,
473 1505 540 1568 Dio.
567 1505 648 1565 Cass.
672 1504 723 1581 59,
747 1507 796 1567 12.
812 1505 881 1585 23.)
901 1525 957 1585 pro
979 1505 1137 1583 explorato
1158 1500 1296 1562 nondum
1311 1501 1418 1580 habeo,
1438 1506 1511 1565 licet

346 1610 424 1682 sint,
446 1611 500 1688 qui
519 1607 599 1667 illud
619 1608 678 1668 sibi
698 1605 910 1688 persuadeant.
950 1607 1069 1665 Plinius
1090 1607 1173 1664 enim
1188 1625 1256 1664 earn
1268 1608 1310 1668 Μ.
1324 1609 1418 1667 Lollii
1437 1628 1512 1668 con·

347 1712 457 1770 tuleris
482 1720 607 1790 neptem
628 1710 718 1787 dicit,
750 1711 877 1784 Tacitus
898 1719 1001 1768 autem
1024 1705 1131 1789 (quem
1146 1711 1284 1790 sequitur
1304 1709 1442 1791 Solinus)
1455 1706 1511 1793 Ἦ,

347 1811 459 1889 filiam,
489 1832 530 1871 ex
551 1833 626 1893 quo,
654 1814 714 1871 nisi
733 1810 785 1871 hio
807 1815 931 1889 erravit,
953 1814 1040 1892 sequi
1059 1810 1194 1889 videtur,
1222 1810 1355 1872 eundem
1375 1815 1511 1873 Lollium

346 1917 442 1976 fuisse
460 1917 626 1992 consulem,
641 1917 725 1993 cujus
741 1915 866 1996 quidem
877 1916 1050 1976 consulatus
1059 1935 1213 1995 nusquam
1220 1917 1376 1996 reperitur.
1396 1915 1511 1988 Quodsi

347 2020 519 2099 complures
540 2020 734 2098 interpretes,
755 2028 791 2075 ut
812 2018 984 2094 Fabricius,
1005 2017 1215 2095 Wtelandius,
1241 2017 1321 2078 hene
1340 2020 1511 2098 Epistulam

346 2122 510 2180 Praeneste
532 2124 675 2202 scriptam
696 2119 829 2196 tradunt,
851 2118 885 2179 id
898 2119 974 2182 adeo
990 2133 1106 2181 certum
1119 2143 1185 2182 esse
1200 2123 1324 2201 negabit
1337 2124 1512 2204 quicunque

347 2223 541 2306 perpenderit
560 2243 611 2299 aa,
633 2243 711 2305 quae
732 2221 772 2282 ad
792 2243 822 2282 v.
844 2225 876 2286 1.
897 2221 935 2282 de
957 2227 1105 2304 particula
1127 2225 1201 2283 dum
1222 2223 1369 2285 dicentur.

432 2330 467 2386 In
489 2328 620 2405 patrium
638 2345 809 2385 sermonem
829 2323 909 2384 hano
931 2328 1102 2406 Epistolam
1129 2318 1277 2405 singulari
1295 2329 1512 2390 transtulerunt

348 2449 439 2510 opera
455 2427 580 2487 Herder.
602 2429 635 2485 in
651 2424 797 2486 Adrastea
809 2430 833 2486 1.
855 2430 886 2492 2.
906 2448 938 2507 p.
959 2427 1043 2505 242„
1066 2429 1155 2490 Cone.
1169 2433 1203 2488 in
1216 2428 1329 2486 Hauffii
1343 2427 1456 2492 Philol.
1469 2434 1511 2490 Π.

349 2533 381 2600 1.
399 2552 431 2612 p.
453 2533 526 2596 179.
548 2539 578 2589 et
599 2528 724 2590 Cludius
745 2531 778 2588 in
800 2529 943 2590 Seebodii
963 2535 1177 2609 „1trit.Biht‘⁴
1199 2533 1293 2599 1825.
1314 2535 1365 2595 IV.
1385 2553 1418 2614 p.
1438 2533 1511 2600 505.

353 2707 559 2722 ——1-

416 2814 446 2886 *)
462 2813 602 2883 Kirchnor,
625 2815 661 2867 V.
677 2813 757 2884 Exn,
781 2817 810 2872 in'
830 2819 942 2886 Quaen.
958 2818 1060 2872 Hord-
1085 2835 1115 2889 p.
1131 2817 1176 2874 st.
1198 2818 1233 2872 de
1256 2815 1308 2876 lise
1323 2835 1354 2872 rs
1370 2817 1440 2870 inter
1457 2815 1511 2868 alia

348 2903 389 2958 sic
405 2902 509 2956 erudite
524 2903 655 2972 disputate
673 2901 797 2969 „Quodsi
812 2903 884 2958 illam
899 2905 1011 2976 primam
1024 2905 1161 2976 epistolam
1172 2904 1367 2958 adulescentulo
1378 2901 1511 2956 sexdecim

349 2989 457 3044 circiter
481 3005 608 3042 annorum
637 2987 751 3042 dicatam
775 2991 949 3061 probabiliter
973 2992 1128 3061 statuimus,
1157 3009 1191 3045 ex
1213 3009 1294 3046 versu
1324 3010 1367 3062 ep.
1392 2990 1441 3055 13,
1466 2989 1510 3042 65.

347 3077 482 3148 „denique
498 3091 606 3129 saevom
623 3075 745 3126 militium
761 3092 832 3144 pnes·
848 3085 875 3130 et
895 3077 1058 3130 Contuli-iou
1076 3079 1146 3131 tella
1160 3078 1279 3131 rotat&
1295 3076 1420 3145 colligere
1436 3075 1509 3143 licet,

347 3167 476 3232 Augusto
500 3177 528 3213 n.
553 3177 583 3214 ιι.
601 3162 662 3216 729.
680 3161 710 3213 in
731 3162 881 3218 Cantabros
895 3163 1075 3232 proficiscenti
1092 3165 1212 3219 comitem
1227 3163 1398 3220 111111οοί111
1415 3177 1510 3214 mnan

347 3249 444 3304 mutis
462 3247 714 3315 duodevicesimam,
733 3265 791 3302 cunr
808 3249 947 3321 superiore
961 3267 1030 3303 anno
1047 3251 1120 3304 virili
1137 3259 1201 3320 toga
1215 3259 1321 3320 sumpts
1335 3247 1446 3302 militiae
1461 3248 1509 3301 sd·

347 3337 463 3407 scriptns
484 3335 588 3388 fuisset.
624 3333 695 3386 Hinc
719 3333 856 3404 epistolam
878 3334 948 3389 illam
972 3337 1083 3407 primam
1106 3337 1141 3390 ad
1168 3336 1281 3390 Lollium
1303 3353 1329 3389 a.
1347 3352 1376 3388 ιι.
1402 3345 1426 3390 a'.
1448 3335 1509 3389 727.

348 3422 519 3493 compositam
544 3436 603 3472 esse
620 3419 751 3472 effluitare
774 3420 853 3474 alteri
878 3438 972 3475 versus
995 3421 1040 3477 56.
1065 3426 1134 3495 ,Μ
1151 3425 1235 3492 duce,
1253 3425 1302 3493 qui
1319 3423 1426 3492 templis
1443 3421 1510 3473 Por·

346 3510 456 3563 thorum
479 3508 562 3578 signu
585 3506 679 3575 refigit
700 3507 793 3558 nunc“
817 3525 914 3562 annunt
933 3510 994 3564 731.
1013 3527 1039 3564 a.
1057 3527 1085 3564 ιι.
1106 3527 1130 3564 c.
1153 3511 1300 3564 certissime
1317 3509 1432 3578 amerit,
1457 3525 1509 3579 quo

347 3593 448 3646 Lollius
470 3611 566 3646 annum
582 3592 677 3647 aetatis
695 3594 847 3649 vicesimum
863 3595 970 3650 tertium
986 3599 1097 3666 agebat,
1115 3597 1159 3650 cni
1176 3595 1318 3650 admonitio
1333 3595 1381 3649 ills
1395 3595 1429 3648 de
1445 3610 1509 3646 can-

346 3680 421 3733 tione
437 3680 465 3733 in
484 3696 622 3750 procerum
634 3695 685 3733 usa
696 3681 770 3734 salua
783 3684 862 3737 enimi
878 3683 1002 3736 libertate
1013 3683 1162 3737 adhibenda
1180 3681 1288 3750 egregie
1305 3678 1510 3736 conveniebat.“

347 3765 452 3820 Similia
471 3765 505 3820 ad
523 3765 592 3820 hunc
608 3765 694 3820 locum
716 3769 854 3822 annotavit
870 3769 1028 3822 Schmidius.
1061 3769 1147 3822 Aliter
1161 3775 1248 3821 nmen
1260 3769 1294 3821 da
1311 3775 1437 3840 ternpore,
1457 3783 1510 3838 quo

346 3853 414 3906 haee
439 3851 563 3924 Epistola
584 3853 750 3924 scriptasit,
782 3855 867 3910 sentit
891 3856 1072 3909 Grctel'endus
1095 3857 1125 3913 iu
1148 3855 1258 3926 iligen.
1284 3854 1433 3924 Encyclop.
1458 3869 1511 3907 von

348 3938 482 3994 Eraclia.
500 3940 618 3996 Gruter.
638 3942 712 3995 Sect.
729 3943 766 3996 11.
791 3952 855 3996 tom.
873 3941 910 4008 X,
934 3959 963 4011 p.
983 3942 1055 4010 472,
1074 3943 1121 4011 qui
1143 3959 1200 3996 eam
1223 3959 1249 3996 a.
1267 3957 1295 3994 ιι.
1314 3943 1376 3997 733.
1402 3940 1511 4010 (Varr.)

348 4027 383 4080 sd
401 4026 515 4080 Lollium
532 4027 619 4082 datam
637 4034 738 4083 censet.
772 4028 869 4097 Neque
887 4027 921 4080 te
939 4025 1025 4080 Lollio
1042 4027 1098 4081 lilio
1115 4029 1219 4082 dubitat
1235 4027 1351 4082 Orellius
1367 4026 1400 4080 sd
1417 4026 1510 4094 OM,

346 4115 385 4182 9.,
403 4115 449 4169 ubi
466 4115 516 4168 Vir
533 4117 700 4170 doctissimus
718 4133 833 4170 errorem
850 4113 1020 4170 aPiranesic
1037 4115 1067 4168 in'
1082 4118 1236 4188 cognomine
1253 4112 1417 4170 commissum
1438 4121 1512 4168 reete

348 4203 478 4256 emendat.

415 4303 457 4375 ⁴⁸)
474 4306 632 4376 Quanquam
648 4305 694 4360 illo
712 4305 802 4360 Taciti
820 4307 881 4359 locu
899 4303 981 4375 (Ana.
1009 4308 1051 4375 12,
1077 4307 1119 4376 1.)
1135 4307 1230 4379 nuperi
1246 4306 1362 4360 editores
1373 4304 1511 4358 Bekkerus

348 4397 377 4445 at
392 4391 507 4446 Bactrius
525 4411 585 4447 voe.
597 4393 688 4462 filiam
706 4394 866 4448 anctoritate
888 4394 966 4448 codd.
983 4409 1046 4446 mss.
1064 4393 1138 4447 Flos.
1161 4393 1255 4448 aaut.
1271 4389 1513 4450 Brentanorum
1546 4386 1548 4391 ’

347 4479 547 4551 Rupertiasque
563 4482 666 4536 uncinis
677 4481 790 4550 indunt,
808 4497 852 4536 res
869 4488 956 4536 unus
966 4479 1072 4549 integra
1081 4486 1132 4533 est.
