3450 5334
230 562 273 625 97
336 556 621 622 commun
640 558 684 621 [N
705 560 873 624 HORATH
893 559 969 623 Llli.
983 562 1006 624 l.
1020 562 1145 623 EPIST.
1159 562 1269 625 SEPT.
1320 562 1386 629 369

231 750 281 810 Sic
299 756 379 810 recte
395 751 520 828 jungunt
532 747 641 825 Scbm,
662 746 805 827 Hocbed.‚
827 748 929 827 Orell,
948 748 1006 825 alii,
1030 756 1063 809 ut
1077 750 1194 829 Cinara,
1217 770 1291 830 quae
1311 754 1385 813 iuter

233 852 492 913 commissatioucm
512 850 647 927 fugisset,
668 848 818 911 Horatium
839 851 885 910 vel
905 868 1036 911 moerore
1057 852 1191 912 afflixerit
1210 854 1256 913 vel
1276 856 1314 913 ad
1331 856 1385 915 fle·

233 955 304 1015 biles
323 955 469 1014 canendos
489 952 589 1031 elegos
610 955 793 1030 permoverit.
835 952 943 1014 Similia
969 952 1129 1032 puellarum
1155 956 1240 1033 fisgae
1263 958 1385 1016 mentio-

233 1076 300 1117 nem
318 1056 427 1115 faciunt
447 1054 505 1133 alil,
525 1054 583 1113 vid.
606 1054 656 1114 Fr.
673 1054 789 1116 Jacobs.
810 1078 840 1137 p.
857 1058 929 1122 126.
972 1054 1100 1113 Broulrb.
1121 1060 1152 1113 et
1164 1055 1244 1117 Diss.
1264 1058 1302 1116 ad
1317 1057 1384 1117 Tib.

233 1160 266 1235 3,
286 1160 317 1236 6,
338 1158 389 1221 69.
433 1157 480 1219 De
498 1158 711 1218 constructione
732 1157 808 1218 conf.
829 1158 916 1223 Fabr.
935 1156 973 1215 ad
992 1154 1056 1216 Liv.
1078 1158 1131 1233 21,
1152 1158 1210 1237 36,
1232 1160 1262 1222 6.
1304 1160 1384 1219 Con-

232 1267 278 1321 tra
298 1260 438 1339 plerique,
458 1262 489 1321 in
509 1260 612 1338 quibus
637 1258 833 1319 Welaadius
851 1260 965 1340 puellae
987 1262 1087 1338 sugam
1106 1260 1135 1318 iu
1150 1260 1283 1338 jocosum
1303 1261 1385 1321 Mae-

232 1368 363 1423 cenatem
382 1363 493 1423 derivat
510 1364 564 1443 (N.
587 1363 643 1443 4.),
661 1366 786 1443 jungrmt
806 1384 934 1421 mowers
951 1365 1028 1421 inter
1040 1364 1128 1432 νίηα,
1149 1380 1244 1439 neque
1261 1382 1386 1441 prorsus

231 1463 316 1542 male,
338 1467 363 1523 si
387 1484 515 1524 πωπω
533 1468 572 1525 ad
593 1468 718 1527 carmina
737 1468 885 1545 amatoria,
909 1465 1012 1545 quibus
1032 1466 1144 1525 fleverit
1158 1462 1249 1523 Poeta
1266 1466 1384 1525 menda-

231 1586 294 1627 cem
313 1567 448 1647 puellam,
469 1570 586 1629 reseras.
628 1569 677 1628 Sic
697 1570 784 1647 quoi
802 1568 860 1629 0d.
877 1572 908 1645 2,
931 1569 983 1646 13,
1005 1564 1057 1634 24.
1078 1573 1110 1628 et
1129 1563 1314 1625 miserabiles
1334 1566 1385 1625 de·

230 1678 354 1727 cantura
374 1668 472 1750 elegos
493 1672 552 1731 0d.
575 1675 604 1749 1,
623 1672 678 1747 83,
697 1673 740 1747 2.,
761 1669 810 1728 ubi
831 1670 897 1729 vide
916 1672 954 1731 ad
973 1678 1126 1748 utrumque
1146 1670 1202 1729 loc.
1225 1666 1385 1729 Minoum

229 1770 354 1831 ἰίοΙιὴαη
375 1772 521 1851 eleganter
540 1776 785 1853 interpretantem.
828 1770 926 1832 Lusus
947 1772 1012 1832 illos
1033 1774 1120 1850 igitur
1140 1772 1177 1829 ad
1203 1763 1313 1852 λόγους
1334 1767 1384 1833 tul

227 1874 268 1957 τῇ
287 1866 388 1935 edam
407 1876 576 1935 referendos
595 1896 661 1936 esse
681 1874 758 1935 baud
780 1876 961 1935 incommode
982 1875 1099 1937 dixeris.
1142 1871 1189 1933 De
1206 1870 1261 1931 illis
1283 1874 1382 1949 dispu-

224 1980 271 2035 tat
298 1976 462 2038 Hemsterb.
494 1978 532 2037 ad
557 1977 676 2041 Lucian.
702 1976 780 2035 Tim.
808 1976 832 2035 l.
857 1998 888 2057 p.
909 1978 983 2042 437.
1027 1976 1073 2037 De
1104 1975 1218 2034 cinara
1226 2015 1239 2045 ,
1271 1972 1383 2033 Horatii

226 2078 317 2136 amica
338 2078 396 2137 0d.
419 2074 452 2155 4,
475 2081 527 2158 13,
549 2084 589 2147 22
605 2101 649 2159 sq.
673 2083 703 2157 1,
724 2080 754 2142 3
768 2076 810 2156 4.,
829 2081 957 2140 dicemus
978 2082 1016 2139 ad
1031 2079 1123 2157 Epist.
1141 2072 1193 2153 14,
1214 2075 1244 2138 3.
1287 2075 1334 2134 Ad
1356 2092 1381 2133 v.

222 2188 384 2256 protervas
409 2180 543 2240 Orellius
564 2190 711 2263 comparat
732 2176 866 2263 iupupc'c
875 2226 887 2254 ,
923 2180 1089 2261 Asclepiad.
1109 2181 1139 2237 in
1167 2176 1254 2237 Autb.
1275 2175 1336 2235 Pal.
1357 2176 1379 2237 1.

225 2300 256 2359 p.
280 2284 350 2347 128.
390 2280 432 2344 Ἡ
446 2278 565 2367 λαμυρή
587 2276 617 2364 μ’
637 2284 746 2368 ἔτρωσε
766 2285 934 2363 putatum.
980 2283 1065 2345 Cous.
1083 2280 1198 2343 muca
1218 2281 1257 2338 ad
1275 2280 1333 2340 od.
1351 2281 1380 2357 1,

226 2380 288 2461 19,
309 2386 340 2447 7.

310 2486 347 2545 V.
368 2485 524 2552 29-33.
568 2490 657 2548 Forte
675 2522 719 2535 -
737 2487 853 2549 subisti.
897 2488 1063 2549 Sententia:
1088 2482 1195 2563 ,1.ιεὶ
1217 2484 1281 2561 quis
1302 2482 1380 2542 dice·

224 2594 287 2664 ret,
308 2590 345 2647 ad
367 2589 533 2667 fugiendum
548 2591 652 2672 ingrati
672 2594 757 2651 animi
777 2598 899 2671 propter
916 2592 1040 2651 officium
1053 2590 1113 2666 jam
1134 2604 1193 2645 nou
1212 2585 1380 2663 praestitum

224 2690 331 2747 crimen
354 2691 503 2752 reddenda
523 2714 590 2754 esse
610 2714 727 2757 munera
746 2712 765 2753 a
784 2694 954 2753 Maecenate
973 2712 1038 2751 meo
1059 2692 1198 2767 accepta,
1225 2685 1380 2745 redderem

223 2810 277 2871 pro
305 2791 456 2871 libertate,
492 2816 550 2873 qua
578 2798 647 2855 nihil
674 2797 728 2875 (V.
751 2795 823 2873 36.)
854 2795 922 2855 mibi
950 2800 997 2851 est
1025 2790 1118 2849 carius
1145 2794 1176 2849 et
1195 2788 1380 2865 antiquius.“

221 2892 315 2953 Paulo
335 2892 418 2953 aliter
431 2894 484 2951 Fr.
502 2894 638 2965 Jacobs„
659 2918 747 2976 quem
763 2897 827 2955 aide
846 2916 876 2975 p.
896 2892 978 2971 114,
1000 2892 1082 2953 aliter
1101 2910 1216 2970 quoque
1235 2889 1378 2964 Oretum,

221 2997 271 3073 qui
288 2995 372 3053 nimis
393 2996 475 3054 auxie
495 2994 572 3055 bunc
591 2998 747 3077 apologum
766 2998 860 3058 verbis
877 2998 1006 3076 proxime
1020 2991 1253 3054 antecedentibus
1269 2993 1310 3052 its
1326 3012 1377 3053 an-

220 3098 328 3156 nectit:
359 3096 455 3172 „Jam
473 3115 543 3156 vero
564 3102 696 3175 quoniam
717 3100 779 3160 lieri
796 3102 915 3179 nequit,
937 3102 969 3155 ut
986 3097 1124 3175 pristinae
1145 3096 1220 3155 vires
1243 3096 1310 3155 mibi
1330 3117 1377 3158 re-

221 3201 328 3276 deant,
351 3197 471 3257 liberum
490 3201 570 3256 certe
590 3218 637 3258 me
658 3221 723 3262 esse
746 3203 867 3282 cupio.“
910 3199 1045 3259 Ceterum
1065 3196 1120 3257 boc
1140 3196 1265 3276 apologo
1286 3200 1377 3259 omni-

220 3300 276 3359 bus
296 3307 368 3358 noto
389 3298 519 3359 veritatis
539 3301 743 3382 acerbitatem,
770 3305 872 3383 siqua
892 3306 1018 3378 inesset,
1047 3301 1130 3359 leniri
1150 3302 1269 3361 maxime
1290 3321 1377 3380 supra

221 3402 379 3480 sigmllcavi
397 3403 530 3479 idemque
556 3410 709 3463 senserunt
733 3404 884 3484 Gruqus'm
905 3409 935 3462 et
956 3402 1008 3465 Ib.
1029 3400 1150 3464 Jacobs.
1171 3426 1201 3485 p.
1220 3407 1273 3471 98,
1317 3408 1375 3469 1³¹0.

220 3502 297 3563 bella
320 3509 415 3564 autem
435 3501 578 3580 Aesopica
597 3522 617 3563 a
635 3504 742 3565 Babrio
771 3511 801 3565 et
827 3506 858 3566 in
879 3504 970 3565 Fabb.
992 3503 1100 3584 Aesop.
1122 3506 1193 3571 158.
1237 3510 1305 3570 Cor.
1329 3514 1375 3571 di.

219 3625 304 3666 verso
320 3608 408 3667 modo
428 3612 561 3666 narratur
582 3608 706 3686 itemque
726 3608 764 3666 ab
787 3606 930 3685 Areosto‚
959 3606 1008 3683 qui
1029 3604 1128 3685 (quem
1149 3609 1243 3671 locum
1264 3614 1373 3673 indica-

218 3710 260 3768 vit
277 3707 418 3788 Orellius)
439 3710 469 3768 iu
487 3709 584 3768 Satira
602 3711 713 3789 prima,
734 3728 793 3787 qua
813 3707 887 3767 banc
907 3707 1069 3786 Epistulam
1089 3708 1216 3770 imitatus
1234 3720 1294 3785 est,
1323 3734 1373 3773 cu-

216 3829 314 3871 merae
333 3811 477 3887 borreum,
497 3810 664 3890 vulpeculae
678 3813 799 3887 minum,
819 3809 960 3871 mustelae
978 3829 1088 3870 murem
1108 3813 1266 3874 substituit.
1293 3814 1373 3876 Ean·

219 3914 285 3972 dem
313 3919 408 3971 autem
434 3914 472 3972 de
499 3912 648 3994 volpecula
667 3913 861 3972 narrationem
877 3912 996 3990 respicit
1016 3910 1072 3971 Dio
1096 3912 1320 3994 Chrysostomus
1342 3918 1372 3978 iu

218 4014 316 4075 Oratt.
336 4011 455 4073 XLVII.
482 4034 512 4094 p·
533 4014 606 4081 232.
650 4014 736 4073 Cous.
764 4013 814 4072 Fr.
838 4012 955 4073 Jacobs.
983 4032 1013 4091 p.
1038 4012 1099 4078 185
1121 4034 1166 4095 aq.
1209 4016 1303 4087 Quum
1327 4020 1371 4077 fa-

218 4114 287 4175 bula
306 4118 336 4174 in
353 4134 408 4174 usu
416 4115 528 4175 Horatii
544 4117 631 4176 fuerit
649 4115 721 4195 (vid.
737 4117 775 4174 ad
788 4114 821 4191 3,
844 4116 921 4194 20.),
941 4115 1001 4175 veri
1022 4116 1120 4177 similis
1141 4136 1199 4177 nou
1221 4128 1266 4179 est
1278 4120 1371 4176 Maru

217 4216 285 4275 cilis·
310 4217 425 4296 opinio,
459 4234 517 4294 qua
543 4216 616 4277 banc
644 4217 770 4278 fabulam
788 4219 940 4279 Horatium
958 4219 996 4277 de
1015 4214 1119 4276 Lucilii
1138 4237 1215 4297 penu
1237 4221 1266 4279 iu
1289 4240 1370 4280 suam

218 4320 402 4398 congessisse
429 4320 544 4396 conjicit
570 4318 686 4380 laudato
713 4318 807 4385 Lucil.
833 4320 881 4381 lib.
903 4320 938 4378 V.
966 4335 1014 4397 ap.
1035 4318 1161 4379 Nouium
1179 4338 1207 4380 v.
1229 4323 1370 4383 minuatim

216 4418 278 4499 (ed.
296 4420 363 4499 Bip.
386 4440 415 4497 p.
440 4418 511 4483 195.
533 4420 573 4480 N.
593 4421 649 4502 3.),
669 4423 718 4483 ubi
738 4423 841 4483 rerba:
868 4423 931 4481 Dio
954 4438 1104 4500 quautam
1125 4434 1215 4501 cogat
1233 4426 1281 4483 vis
1300 4424 1369 4505 (sic)

215 4522 261 4579 iss
280 4523 421 4579 satureum
442 4522 505 4579 Per
525 4525 734 4582 commissuras
753 4527 902 4583 rirnarrsm
922 4520 1012 4583 nocte*
1033 4525 1153 4602 nigrore
1172 4526 1312 4586 mustelae
1331 4530 1369 4587 ad

217 4622 393 4703 vulpeculam
412 4642 479 4684 esse
499 4622 641 4703 opinatur.
661 4660 706 4675 --
722 4628 759 4688 V.
773 4628 826 4695 29.
849 4628 947 4686 unsis
966 4624 1135 4703 rabuscula.
1180 4627 1267 4697 Quod
1281 4646 1369 4708 saepe

250 4724 363 4780 Hom.
379 4722 403 4780 1.
1050 4722 1094 4790 24
1113 4728 1169 4811 (7)
