3450 5334
218 527 257 590 61
301 525 584 585 cotsstEN'rARss
602 528 643 584 IN
661 526 828 587 HORATII
849 529 981 592 EPIST.
996 529 1161 590 SECUND.
1183 533 1259 592 ῙιῙΒ.
1273 536 1298 592 1.
1321 526 1381 593 167

217 699 325 756 iiuret.
351 697 428 776 opp.
452 694 501 756 ed.
522 693 767 778 Ruhnk.111.p.
789 697 862 763 208.
890 698 962 764 574.
985 700 1058 765 856.
1079 703 1197 766 Erasm.
1215 699 1334 782 Adagg.
1354 704 1383 778 1,

217 803 319 875 239.
366 796 479 872 Quodsi
498 800 679 876 Daeringius
700 801 964 861 Hemsterhuaium
986 825 1106 864 censere
1130 804 1202 863 dicit
1232 807 1383 885 proverbii

217 914 373 963 auctorem
384 898 589 980 Pythagoram
603 922 678 978 esse,
694 915 790 978 errat3
806 905 936 965 Salanus
949 910 1032 965 enim
1046 907 1112 982 fuit,
1135 908 1187 987 qui
1203 905 1280 965 iilud
1293 911 1383 968 Jam-

216 1005 318 1066 biicho
344 1015 465 1063 auctore
491 1007 525 1062 in
554 1006 645 1063 istam
677 1011 857 1067 sententiam
894 1030 966 1069 usus
1000 1007 1189 1089 Pythagorae
1224 1009 1381 1072 tribuebat.

215 1105 465 1168 Hematerhusins
475 1117 577 1164 autem
590 1107 708 1168 ridetur
723 1112 829 1170 fecisse
845 1131 914 1168 cum
922 1112 1050 1190 Polybio
1064 1109 1108 1189 (5,
1118 1105 1198 1193 32),
1213 1109 1252 1169 ad
1267 1122 1382 1170 certum

217 1221 370 1270 auctorem
385 1208 579 1288 proverbium
592 1229 655 1269 non
668 1211 823 1276 referente.
859 1214 895 1270 in
909 1233 974 1270 rem
987 1211 1153 1292 Sophocles
1170 1233 1218 1293 ap.
1231 1213 1383 1278 Plutarch.

216 1312 254 1372 de
275 1311 421 1370 audiend.
438 1313 523 1372 Poet.
545 1313 596 1374 VI.
618 1335 650 1393 p.
668 1313 718 1376 55.
740 1313 813 1380 ask,
827 1311 942 1398 Ἔργον
965 1311 998 1376 di
1020 1313 1243 1395 mauriciana
1258 1313 1383 1396 ἔρχηται

214 1421 324 1491 καλῶς,
347 1413 400 1476 nai
420 1410 475 1488 τιῖς
495 1411 632 1488 retacta
654 1411 735 1490 εἰκός
756 1411 827 1480 ἴσθ’
850 1411 949 1490 οὕτως
969 1415 1053 1496 ἔχειν.
1083 1419 1162 1477 Piat.
1189 1416 1227 1476 de
1252 1419 1381 1498 Republ.

215 1523 246 1594 2,
265 1521 317 1582 17.
343 1511 467 1580 Cincin
485 1509 575 1589 οἷσθ’,
598 1511 644 1578 ὅτι
658 1512 736 1598 cippi
752 1514 861 1593 παντὸς
883 1519 971 1599 ἔργον
986 1517 1124 1602 μέγιστον
1140 1541 1198 1590 -;
1219 1523 1245 1578 E
1266 1523 1382 1580 Laduis

216 1619 275 1680 imo
300 1629 500 1700 respexerunt
519 1617 607 1681 oud.
624 1622 661 1686 A,
677 1623 713 1678 A.
736 1623 764 1696 1,
782 1621 855 1684 610.
897 1622 962 1678 Fac
979 1631 1099 1682 tantum
1115 1624 1258 1700 incuriae,
1280 1634 1384 1702 sponte
1425 1657 1428 1662 ,

217 1723 348 1782 disertam
373 1725 440 1780 eres.
473 1723 590 1780 Auson.
613 1725 717 1802 Epigr.
739 1725 789 1786 81.
813 1723 934 1800 Incipe:
958 1723 1118 1784 dimidium
1129 1725 1217 1804 sacti
1237 1737 1292 1796 eet,
1317 1747 1382 1784 coe-

213 1830 296 1905 pirae
302 1851 316 1900 ,·
338 1825 429 1905 idyli.
443 1827 493 1899 12,
509 1826 539 1888 5.
562 1825 684 1902 Incipe:
708 1826 855 1905 quicquid
866 1846 961 1904 agas:
975 1847 1035 1905 pro
1048 1837 1106 1885 toto
1118 1840 1160 1886 eat
1168 1830 1273 1905 prima
1287 1832 1384 1906 operis

212 1950 298 2007 pars.
332 1929 439 1991 Seuec.
462 1930 559 2008 Epist.
583 1923 635 1988 34.
666 1926 740 1983 Νοιι
763 1929 808 1984 sic
828 1927 974 2006 quomodo
995 1911 1151 2008 principia
1175 1932 1265 1987 totius
1287 1934 1383 2007 operis

216 2031 378 2091 dimitam
401 2051 549 2109 occupare
567 2027 730 2099 dicuntur,
752 2031 796 2086 ita
818 2049 866 2086 ree
888 2031 990 2086 animo
1010 2041 1145 2104 comean-
1169 2050 1244 2107 parr
1267 2051 1383 2110 magua

217 2133 361 2191 bonitatis
378 2145 432 2204 eet,
454 2133 531 2190 celle
537 2133 614 2207 fleri
627 2130 748 2190 bonum.
766 2164 808 2178 —
829 2151 933 2208 sapere
948 2131 1039 2202 aude,
1062 2143 1208 2212 tanquam
1220 2154 1285 2192 rem
1300 2133 1382 2193 diiii-

216 2237 320 2311 cilem,
343 2235 483 2318 adquam
496 2232 727 2316 perficiendam,
748 2244 782 2291 ut
797 2234 890 2312 vulgo
904 2234 1065 2313 explicant,
1089 2234 1213 2294 audacia
1229 2258 1304 2318 opus
1324 2240 1382 2314 sit3

217 2337 361 2420 equidem
384 2341 466 2398 mulo
485 2349 520 2396 ut
536 2339 623 2417 Epist
647 2338 677 2410 2,
703 2339 735 2408 2,
761 2336 849 2396 111.:
872 2337 964 2406 aude,
982 2338 1003 2396 i.
1022 2357 1047 2400 e.
1061 2341 1179 2418 suscipe
1191 2359 1305 2420 sapere,
1327 2341 1381 2400 abs

217 2453 246 2500 te
262 2445 401 2521 impetra,
423 2442 560 2498 animum
574 2437 693 2511 induce,
709 2446 743 2494 ut
755 2439 865 2516 sapiae.
907 2438 959 2498 Sia
972 2439 1077 2497 Graeci
1090 2451 1235 2521 usurpant
1256 2447 1381 2523 τολμᾶν,

217 2556 250 2602 ut
267 2547 362 2606 τλᾶθι
383 2542 471 2606 Pind.
491 2539 582 2621 Pyth.
597 2536 627 2614 4,
646 2540 720 2603 276.
738 2541 812 2621 ibiq.
832 2541 952 2600 Disseu.
974 2543 1030 2617 ci,
1051 2544 1104 2622 qui
1120 2542 1197 2602 mihi
1210 2547 1381 2623 assentitur,

217 2647 325 2706 Stoiib.
349 2645 388 2704 ad
406 2647 484 2704 Plat.
501 2646 623 2702 Menex.
648 2644 697 2704 17.
718 2662 748 2721 p·
770 2640 821 2704 59.
843 2640 891 2701 ed.
907 2641 998 2704 Goth.
1018 2643 1173 2704 Schmidio
1185 2667 1265 2724 meo,
1284 2651 1383 2730 quiin

217 2750 275 2808 hcc
296 2749 390 2808 verbo
411 2746 564 2828 quandem
585 2748 684 2804 messe
706 2747 834 2804 ironiam
852 2746 954 2826 (quasi
971 2769 1074 2824 sapere
1089 2751 1257 2827 periculosa
1275 2763 1305 2809 et
1322 2751 1383 2812 dif-

216 2853 303 2910 ficilis
319 2860 399 2910 esset
417 2870 474 2924 ree,
497 2869 589 2930 quam
606 2848 744 2908 homines
758 2845 1018 2933 pertimescerent)
1033 2851 1107 2908 olim
1127 2855 1237 2926 sensit,
1267 2853 1383 2934 perhu-

215 2957 348 3014 maniter
360 2951 535 3013 adversetur
546 2953 599 3009 et.
616 2952 754 3023 Jacobs„
767 2971 863 3031 quum
880 2963 981 3026 „certe
994 2973 1056 3011 non
1071 2963 1116 3011 est
1128 2973 1174 3012 res
1189 2953 1318 3031 facilis‚“
1331 2959 1382 3014 in-

217 3060 294 3139 quit,
315 3077 463 3135 ,propera
476 3054 530 3114 sed
546 3056 616 3114 sorti
633 3057 735 3114 animo
749 3052 787 3112 ad
809 3051 887 3111 hanc
905 3075 970 3112 rem
990 3074 1066 3135 opus
1084 3065 1139 3112 est.
1157 3057 1254 3134 Epist.
1273 3057 1304 3128 8,
1331 3059 1381 3120 11.

215 3161 368 3220 Fastidire
382 3159 469 3218 lacus
483 3170 511 3216 et
522 3161 602 3216 rivos
617 3180 710 3216 auerte
725 3167 851 3235 apertos.
878 3168 908 3215 et
923 3159 964 3215 ib.
978 3178 1007 3216 v.
1025 3157 1077 3219 20.
1100 3159 1163 3234 ipse
1178 3157 1256 3235 quid
1265 3157 1382 3216 audes?

215 3261 391 3324 Simonides
413 3263 487 3324 clv.
506 3259 552 3339 (in
572 3263 622 3318 Br.
638 3262 804 3339 Analectis)
823 3258 947 3336 docens,
969 3262 1001 3318 iu
1019 3279 1079 3341 qua
1096 3279 1128 3317 re
1141 3261 1289 3340 sapientia
1308 3280 1382 3320 con-

215 3368 357 3442 tineatur,
373 3368 417 3424 sic
427 3367 526 3446 pergit
540 3359 615 3427 a'iid
631 3359 668 3427 ori
682 3367 776 3425 ταῦτα
787 3358 899 3445 panicio
913 3363 1016 3443 βιότου
1029 3360 1099 3424 ποτὶ
1116 3362 1207 3444 τέρμα
1218 3366 1305 3450 ψυχῇ
1322 3367 1382 3425 τῶν

215 3464 346 3550 ἀγαθοῖν
367 3473 458 3549 τλῆθι
478 3461 702 3550 χαριζόμενος.“
714 3500 757 3510 -
779 3463 858 3538 Quid
880 3463 930 3525 hic
951 3466 1137 3524 intellexerit
1156 3467 1249 3524 Poeta
1265 3487 1382 3544 sapere,

216 3581 341 3650 apparet
360 3591 402 3628 ex
419 3573 515 3650 Epist.
538 3574 569 3646 2,
593 3572 624 3645 2,
647 3568 720 3632 141.
762 3569 920 3627 Nimirum
942 3589 1046 3648 sapere
1059 3580 1101 3626 eat
1116 3601 1158 3612 -
1174 3589 1261 3628 verae
1277 3589 1382 3627 nume-

216 3693 324 3752 roeque
344 3673 505 3751 modosque
519 3673 644 3731 educere
658 3673 746 3731 vitae.
779 3674 926 3751 Apprime
941 3673 1047 3731 Senec.
1070 3673 1167 3751 Epist.
1183 3672 1256 3734 117.
1278 3671 1383 3730 Num-

217 3773 293 3853 quid
312 3776 393 3832 enirn
414 3796 597 3855 quemqnam
617 3777 768 3832 existimas
787 3795 904 3851 capere,
925 3776 987 3834 nisi
1003 3775 1058 3854 qni
1078 3775 1259 3853 sapientiam
1267 3771 1382 3832 habet?

217 3877 383 3956 Numquid
398 3898 578 3957 quemquam
593 3879 648 3956 qui
668 3877 771 3954 sapiat
791 3897 852 3935 non
871 3889 964 3956 putee
985 3877 1094 3936 habere
1117 3875 1320 3956 sapientiam?
1341 3907 1380 3918 —

215 3979 361 4039 Habetur
375 3980 537 4057 rapientia,
548 3979 652 4051 habet,
666 3983 721 4059 qui
731 3982 822 4058 sapit.
860 3981 1019 4058 Sapientia
1035 3993 1077 4038 eat
1090 4001 1173 4038 mem
1183 3976 1320 4056 perficio
1334 3975 1384 4036 vel

216 4083 260 4140 ad
270 4102 424 4140 summum
440 4083 642 4160 optimumque
649 4083 799 4161 perducta
805 4105 820 4156 ‚·
840 4103 892 4140 ars
907 4086 985 4141 euim
998 4085 1076 4142 vitae
1092 4093 1143 4140 est.
1177 4079 1290 4159 Sapere
1307 4079 1384 4159 quid

217 4185 280 4242 eet?
307 4185 384 4242 Non
398 4205 525 4263 possum
541 4184 638 4241 dicere
658 4205 740 4242 mene
754 4183 904 4261 perfecta,
925 4185 979 4242 sed
998 4183 1034 4241 id
1047 4184 1130 4263 quod
1144 4183 1291 4262 contrirgit
1309 4201 1382 4260 per-

208 4287 329 4365 fectam
353 4297 482 4344 mentem
505 4283 637 4346 habenti.
682 4287 734 4345 Ita
761 4284 891 4343 alterurn
919 4295 975 4356 eat,
996 4306 1080 4344 mens
1109 4285 1206 4344 borea:
1237 4284 1380 4356 alterum,

217 4392 307 4468 quasi
327 4387 438 4448 habere
460 4400 586 4446 mentem
609 4388 727 4447 bonam.
745 4421 784 4430 —
812 4389 925 4465 Sapere
942 4390 1107 4467 sapientiae
1127 4409 1200 4446 recres
1221 4399 1281 4447 est:
1306 4409 1382 4468 quo-

218 4492 304 4550 modo
329 4491 515 4571 eloquentiae
538 4491 638 4573 loqui:
668 4491 812 4571 quamdo
839 4489 995 4548 oculorum
1018 4490 1126 4548 cuae.
1173 4491 1257 4571 Ergo
1278 4509 1383 4568 rapere

218 4597 384 4672 eapimtr'ere
404 4616 478 4654 neue
490 4605 543 4653 eet.
595 4596 675 4654 Uerre
684 4605 787 4654 cuum
800 4595 967 4673 capientiae
980 4593 1158 4673 expetendae
1172 4603 1224 4652 eet.
1269 4594 1382 4671 Sapere
