3450 5334
344 520 411 587 284
468 521 754 594 commun
765 523 811 587 ΙΝ
823 522 995 590 nonam
1008 522 1117 589 LIB.1.
1131 524 1259 590 EPIST.
1270 528 1387 592 saxT.
1465 534 1507 601 28

344 714 423 793 qnod
443 715 521 791 just·
543 732 640 773 earnm
662 713 968 773 reromaestimatione
988 714 1050 773 lieri
1071 714 1200 793 possit-‘⁴
1235 716 1322 787 Quod
1341 717 1421 780 addit
1432 715 1505 781 Hor.

344 836 410 878 wua
429 814 553 899 soloque
577 824 640 895 est,
667 824 699 877 nt
720 817 890 876 vacuitatem
904 812 947 894 ab
975 816 1162 877 admiratione
1187 836 1247 877 non
1269 821 1357 880 modo
1384 823 1507 881 omnium

343 920 479 995 maxime,
501 919 555 978 sed
577 924 610 980 et
632 918 730 978 solam
748 920 769 979 i.
785 938 814 977 e.
837 916 901 977 aliis
920 917 1008 977 rebus
1023 918 1144 979 exclusis
1162 929 1311 999 praestare
1333 924 1420 984 vitem
1437 922 1507 983 bea-

341 1028 403 1083 tarn
431 1022 619 1083 dmonstoet
661 1019 708 1081 De
733 1020 787 1081 lrac
812 1018 980 1081 excludendi
1006 1021 1033 1079 vi
1060 1021 1229 1101 Komigiroe
1256 1024 1331 1084 bene
1359 1033 1507 1105 comparat

342 1124 559 1197 082161.Ῐωί
586 1124 624 1201 1,
649 1122 689 1200 8,
711 1124 765 1187 38.
788 1124 826 1183 ts·
851 1121 948 1182 Bellu-
977 1123 1015 1181 ad
1040 1120 1075 1181 Α.
1103 1122 1137 1183 Ρ.
1165 1126 1218 1192 32.
1261 1126 1309 1188 De
1333 1128 1416 1189 simili
1441 1148 1506 1188 w.

342 1224 444 1285 bornrn
468 1219 514 1300 εἷς
536 1232 568 1285 et
592 1217 687 1304 μόνος
705 1244 759 1285 usu
785 1244 878 1304 nuper
898 1224 968 1285 dixit
995 1224 1186 1285 Stsiulrartuc
1208 1228 1239 1287 in
1262 1228 1408 1291 Meletem.
1436 1230 1506 1291 Plo-

340 1332 393 1389 tin.
414 1348 446 1408 p.
466 1323 518 1391 45.
562 1326 675 1389 Similes
696 1332 765 1386 sunt
781 1326 935 1387 tumulae:
957 1324 1034 1385 Pliu.
1055 1326 1166 1408 Paneg.
1185 1330 1245 1408 76,
1269 1327 1302 1393 4.
1351 1332 1437 1391 Um
1458 1348 1507 1391 so·

341 1430 451 1511 toque
478 1426 625 1489 emebat.
669 1429 733 1490 Juv.
755 1429 795 1507 8,
821 1429 873 1492 19.
899 1426 1042 1487 nobiliaco
1064 1430 1131 1491 sola
1156 1442 1199 1491 est
1219 1442 1310 1511 atque
1331 1434 1424 1491 wu'oa
1442 1435 1505 1491 ob*-

341 1544 402 1593 tuc.
448 1530 845 1610 cic.And.1,10,35.
882 1531 973 1612 &qiu
994 1532 1166 1611 appellarat
1195 1532 1306 1615 (Zeno)
1332 1533 1503 1607 bonnam,

340 1634 426 1717 qrwd
449 1645 525 1693 met
543 1633 671 1713 saupha
699 1633 854 1713 quoddam
883 1642 913 1693 et
938 1633 1036 1693 solum
1064 1644 1093 1691 et
1113 1655 1210 1695 utrum
1233 1634 1355 1699 bonum.
1406 1636 1502 1699 Tacit.

338 1735 414 1798 Diei.
429 1734 483 1800 84.
498 1736 582 1795 sohte
599 1738 703 1795 rtadm
725 1745 845 1795 otranno
862 1738 1042 1818 cuicumque
1062 1756 1172 1795 musae
1185 1756 1268 1817 μιν,
1289 1737 1339 1799 ubi
1353 1740 1392 1799 cs.
1408 1738 1501 1799 Orell.

338 1837 453 1917 iffitignt
465 1846 562 1899 nmen
585 1838 755 1899 sententiam
776 1832 951 1922 nspddotov
971 1841 1084 1919 adjecta
1096 1840 1236 1920 particula
1256 1862 1351 1920 prope
1358 1883 1370 1912 ,
1392 1848 1424 1900 ut
1436 1842 1501 1901 Sat.

340 1939 497 2020 1,8,98.
512 1940 1081 2023 ffilr‘tmjmts'propematerotaequi5
1101 1942 1196 2021 Epist.
1217 1944 1330 2023 1,18,
1346 1945 1398 2007 27.
1414 1946 1451 2019 2,
1468 1945 1499 2018 2,

339 2046 392 2110 21.
406 2046 459 2108 81.
480 2043 531 2124 (ad
546 2064 632 2124 quern
650 2043 744 2103 locum
756 2046 877 2105 Bothins
892 2048 998 2107 erravit
1014 2049 1045 2105 in
1058 2046 1106 2103 ed.
1124 2046 1228 2122 (iesu,
1249 2046 1366 2106 meliora
1380 2045 1501 2105 edoctus

337 2166 357 2205 a
384 2147 580 2225 Schadeberg.
609 2150 639 2207 in
664 2146 791 2207 Seebod.
821 2148 926 2209 Archiv
948 2148 1042 2213 1882.
1064 2147 1114 2207 ΙΠ.
1143 2168 1175 2228 p.
1197 2142 1287 2227 419.)
1307 2146 1345 2208 Δ.
1367 2145 1402 2207 Ρ.
1423 2144 1499 2211 482.

337 2248 386 2308 Cf.
411 2251 517 2311 Heind.
550 2251 587 2309 ad
609 2251 672 2309 Sat.
699 2254 737 2325 2,
764 2250 807 2323 8,
830 2250 884 2317 32.
927 2252 1112 2329 Quapropter
1132 2250 1270 2311 discendo
1297 2270 1315 2309 a
1339 2247 1499 2309 Doederle-

336 2354 388 2409 m'o
414 2370 497 2431 meo,
523 2372 609 2431 qucum
639 2355 670 2411 in
697 2352 742 2410 hia
772 2352 844 2411 locis
874 2351 1029 2431 particum
1055 2372 1150 2430 prope
1175 2353 1413 2431 significationem
1433 2350 1500 2431 pls·

336 2475 463 2533 rumque
490 2455 607 2531 tribuit,
631 2461 664 2513 ut
687 2461 777 2530 „tota
805 2459 950 2515 sententia
980 2474 1039 2516 non
1067 2454 1173 2534 placito
1206 2470 1224 2515 e
1251 2456 1413 2515 Stoicorum
1439 2452 1498 2531 [rel

334 2555 463 2634 aliorum]
487 2557 635 2634 disciplina
659 2558 781 2635 repetito
801 2558 899 2618 similis
923 2560 979 2635 sit,
1004 2558 1057 2617 sed
1082 2558 1237 2618 narrationi
1261 2557 1340 2637 ejus,
1368 2557 1417 2635 qui
1446 2576 1498 2617 ex-

334 2660 474 2737 perientia
501 2666 532 2719 et
556 2678 609 2717 usu
631 2658 774 2718 hominm
800 2665 832 2721 et
858 2660 1038 2721 observando
1062 2661 1389 2738 animadvertendoque,
1422 2678 1497 2737 quae

333 2766 554 2842 uniuscujusque
577 2768 656 2821 esset
675 2778 740 2820 sors
759 2763 864 2841 quique
888 2764 1046 2823 animomm
1068 2762 1198 2841 habitus,
1222 2764 1361 2839 didicerit,
1378 2762 1425 2839 iis,
1448 2761 1497 2839 qui

334 2868 455 2943 cuipiam
475 2866 615 2925 servirent
639 2866 801 2945 cupiditati,
827 2882 945 2945 perraro
971 2866 1121 2945 obtingere
1149 2865 1347 2927 felicitatem.“
1390 2863 1496 2933 Quidni

332 2969 442 3028 licuerit
461 2966 570 3026 Poetae
590 2986 672 3027 snurn
695 2970 879 3048 interponere
899 2970 1033 3047 judicium
1055 2972 1306 3048 circumspectum,
1329 2968 1407 3046 quod
1427 2982 1495 3025 seu·

332 3072 452 3130 tentiam
470 3069 548 3129 illan
570 3090 628 3129 non
649 3078 709 3130 tam
729 3073 881 3149 „infringit
903 3079 989 3151 atque
1009 3074 1190 3132 restrictione
1214 3072 1338 3151 quadam
1361 3070 1495 3147 religiosa

331 3193 367 3232 ec
391 3192 511 3251 prorsus
537 3170 671 3252 laugnida
696 3174 881 3254 imminnit“,
903 3182 934 3235 ut
956 3176 1089 3254 opinatur
1113 3175 1146 3233 v.
1173 3176 1222 3252 d.,
1250 3194 1335 3254 quam
1356 3176 1494 3251 majorem

332 3278 360 3335 ei
384 3275 515 3337 conciliat
543 3276 788 3354 probabilitatem,
816 3279 923 3356 quippe
951 3279 1078 3356 quinon
1102 3279 1216 3337 nescius
1238 3285 1336 3355 esset,
1363 3276 1493 3356 philoso-

331 3380 405 3457 plros
430 3380 516 3439 etiam
530 3378 603 3437 alios
616 3380 798 3439 constituisse
819 3381 894 3439 fines
913 3378 1077 3439 bonorrnnl
1100 3380 1164 3440 Huc
1185 3380 1316 3459 accedit,
1336 3381 1414 3458 quod
1428 3382 1491 3457 ipse

329 3482 386 3541 alo
409 3482 545 3561 deinceps
572 3501 679 3561 genera
702 3482 843 3543 bonorum
867 3502 1030 3565 proponere
1061 3484 1091 3541 iu
1119 3483 1213 3542 animo
1241 3482 1356 3561 habirit,
1389 3480 1490 3559 quibus

330 3602 391 3643 non
411 3587 502 3645 omnis
522 3586 688 3665 deroganda
714 3593 777 3647 erat
792 3587 875 3647 fides.
918 3588 994 3657 Quin
1013 3587 1098 3645 immo
1119 3588 1183 3667 ipsa
1200 3586 1249 3645 ille
1265 3586 1343 3647 notio
1354 3583 1492 3661 plorum-

331 3708 388 3767 que
397 3729 411 3759 ,
436 3707 510 3767 quae
533 3691 609 3769 sapit
633 3697 779 3769 expertum
798 3689 880 3768 quasi
904 3690 1080 3768 Rupertum,
1106 3706 1219 3749 omnem
1239 3690 1326 3748 totius
1340 3684 1491 3763 Epistolae

328 3794 500 3851 senteutiam
520 3794 664 3855 delumbat
688 3803 774 3870 atque
799 3792 936 3851 immutat.
980 3789 1090 3850 Dubito
1112 3810 1245 3869 quoqne,
1269 3808 1337 3847 nrnn
1356 3794 1491 3847 accumte

328 3896 366 3954 sit
396 3895 504 3953 Orellii
520 3898 732 3975 interpretatio:
761 3898 822 3972 „im
846 3894 967 3951 Gennen
992 3891 1194 3970 genommen.“
1236 3892 1293 3962 Qui
1317 3899 1431 3967 autem,
1460 3898 1491 3950 nt

331 3996 516 4057 Sanadonus
525 4041 537 4070 ,
558 4000 708 4058 admont
723 4018 820 4075 prope
842 3998 1036 4074 distinguunt,
1062 3999 1127 4073 quia
1148 3996 1226 4073 „Dei
1246 3996 1301 4072 sit,
1325 4015 1384 4054 non
1398 3993 1490 4052 homi-

327 4100 389 4170 nis,
415 4101 455 4160 nil
482 4104 633 4174 admirari3
657 4101 794 4180 sapientis
822 4105 931 4176 amem,
956 4117 1015 4159 uon
1039 4100 1171 4159 admirari
1195 4099 1275 4178 quod
1300 4098 1404 4175 wulgus
1428 4098 1490 4155 fere

327 4203 467 4280 soleat“‚
494 4205 600 4284 liplns
621 4205 700 4283 justo
726 4204 803 4264 acuti
826 4210 895 4262 sunt
917 4206 1004 4280 atque
1029 4201 1164 4276 subtiles;
1190 4201 1253 4280 quis
1279 4204 1355 4261 enim
1372 4200 1491 4259 Cicero-

326 4326 390 4365 nem
412 4310 577 4385 castigavit,
604 4326 690 4385 quum
714 4309 791 4367 iden
809 4306 872 4365 aliis
896 4304 991 4365 verbis
1014 4306 1045 4365 in
1067 4303 1158 4364 Tusc.
1180 4301 1218 4382 4,
1241 4306 1300 4381 17,
1324 4304 1376 4367 88.
1400 4302 1489 4361 dixis-

326 4418 388 4467 set:
413 4408 461 4466 Ιιὼ
475 4420 577 4468 autem
599 4406 887 4490 (perturbationibus)
912 4426 1029 4467 uacum
1048 4408 1171 4465 monus
1181 4406 1315 4485 perfecto
1329 4404 1489 4485 atquead-

324 4509 420 4567 solute
444 4508 544 4573 beatos
570 4512 689 4594 efficit?
730 4515 777 4573 Ct'.
803 4510 873 4573 ibid.
897 4507 938 4588 ὅ,
968 4504 1024 4586 14,
1050 4504 1101 4573 48
1127 4504 1181 4573 41.
1208 4519 1237 4571 et
1265 4507 1323 4587 15,
1356 4506 1407 4572 48.
1436 4503 1489 4568 44.

325 4612 384 4683 18,
412 4608 463 4674 48.
