3450 5334
286 475 329 543 76
390 476 672 540 COMMENTARII
692 479 732 538 ut
747 479 914 537 ttottA'l'lt
931 477 1061 537 EPIST.
1077 479 1184 538 Pattt.
1204 479 1281 536 LlB.
1300 481 1325 536 1.

279 671 401 708 causam
423 650 545 708 cuilibet
572 647 654 706 lusui
684 649 866 706 conveniens
895 649 1028 707 fortunia
1057 644 1186 704 haecce:
1222 667 1275 704 rex
1301 649 1359 706 eris
1371 691 1381 718 ‚
1411 651 1440 706 ei

278 763 355 810 reete
366 752 495 830 sacieta3
516 753 544 810 ai
564 771 624 809 raon
636 749 758 828 sactus,
779 771 840 808 nou
860 751 939 824 σὺ,
959 749 1021 808 vid.
1044 747 1151 808 lsidor.
1170 750 1272 828 origg.
1294 751 1331 825 9,
1353 749 1384 826 3,
1405 750 1436 813 4.

277 875 310 934 p·
328 853 402 916 296.
447 853 587 912 liudem.
618 850 768 933 Quicquid
790 862 851 926 est,
883 853 975 911 rerba
993 871 1072 934 quae
1093 861 1262 932 sequnntur
1281 853 1347 910 Hie
1367 873 1437 910 mu-

277 977 331 1012 rue
351 987 394 1000 -
413 953 514 1032 οιιὶρα.
543 974 605 1012 nou
627 974 791 1035 puerorum
812 965 902 1030 suut,
932 953 988 1013 sed
1011 953 1094 1035 quod
1115 965 1195 1013 recte
1216 953 1293 1012 vidit
1313 952 1437 1014 Schmi-

278 1056 363 1133 dius,
395 1059 490 1136 ipsius
512 1060 648 1132 Horatii,
679 1059 733 1139 qui
755 1079 829 1118 sano
850 1077 1014 1136 puerorum
1035 1077 1127 1116 seusu
1154 1067 1233 1114 reete
1248 1055 1438 1135 saeisncbua

277 1162 479 1240 principatum
500 1163 619 1221 meliori
642 1161 728 1242 quasi
749 1170 856 1219 natura
877 1157 954 1216 duce
969 1157 1170 1217 deferentium
1188 1163 1309 1237 gavisus
1324 1163 1436 1218 mirum

278 1267 310 1322 in
330 1263 457 1324 modum
478 1264 550 1320 recti
572 1259 751 1344 honestique
773 1283 864 1322 sensu
885 1263 1025 1338 incaluit,
1048 1273 1139 1344 atque
1153 1261 1232 1320 illud
1247 1261 1438 1341 reetefacere

277 1387 334 1426 suo
355 1364 445 1425 modo
469 1365 555 1446 quasi
576 1367 823 1446 interpretaturus
845 1362 977 1424 addidit:
1002 1367 1073 1440 „lta
1094 1385 1178 1424 sane.
1204 1366 1311 1422 llacin
1324 1384 1357 1422 re
1377 1365 1399 1422 i.
1408 1385 1436 1422 e.

278 1471 311 1527 in
332 1470 503 1547 integritate
525 1478 555 1525 et
577 1469 759 1526 conscientia
782 1469 855 1526 recti
876 1468 932 1526 tibi
952 1471 1047 1526 situm
1062 1470 1102 1526 sit
1121 1467 1329 1526 firmissimum
1345 1468 1437 1525 totius

279 1575 358 1630 ritae
379 1569 565 1650 praesidium
586 1581 676 1651 atque
698 1573 876 1628 inconcussa
898 1569 961 1648 ejus
983 1571 1142 1630 stabilitas.
1150 1571 1170 1603 ‘⁴
1207 1571 1253 1627 cf.
1276 1590 1304 1628 v.
1326 1571 1369 1632 68
1390 1588 1437 1649 sq.

278 1677 343 1732 Nisi
361 1675 428 1756 quis
451 1673 625 1748 arbitretur,
654 1675 685 1730 in
706 1673 807 1752 pueris
829 1674 979 1751 optimum
1001 1692 1154 1755 quemque
1175 1691 1279 1750 regem
1297 1672 1438 1729 facienti-

278 1777 335 1834 bus
348 1777 459 1834 Poetae
482 1777 583 1836 auimo
605 1777 797 1835 obversatum
820 1795 885 1833 esse
906 1795 1048 1853 regnum,
1070 1773 1152 1855 quod
1166 1775 1194 1831 ei
1208 1773 1438 1832 siruilitudiuem

279 1880 360 1938 πιιινί
379 1877 488 1936 cirenei
507 1877 677 1957 praebuerit
698 1875 945 1957 proponendam
967 1897 1007 1934 ex
1022 1897 1082 1957 qua
1097 1899 1129 1936 re
1146 1875 1197 1934 hic
1212 1874 1352 1934 eraderet
1365 1896 1437 1933 sen-

278 1985 441 2041 tentiarum
463 1979 552 2041 ordo:
576 1981 712 2054 „Recte3
735 1979 805 2036 talis
827 1982 914 2058 regni
934 1981 967 2036 in
990 1990 1018 2036 te
1042 1981 1109 2059 ipsc
1126 1981 1217 2058 positi
1230 1978 1437 2038 finnissimum

278 2081 465 2163 praesidium
486 2093 577 2163 atque
598 2081 838 2159 inexpugnabile
860 2083 948 2163 quasi
969 2084 1230 2161 propugnaculum
1250 2082 1307 2140 tibi
1328 2083 1368 2139 sit
1388 2083 1437 2138 in-

277 2190 417 2246 nocentia
437 2185 689 2264 irrtegritasque.“
720 2184 850 2242 Omnino
874 2187 958 2242 enirn
977 2187 1045 2244 vult
1064 2187 1168 2261 Poeta,
1190 2181 1273 2265 quod
1292 2186 1437 2242 Isocrates

278 2293 310 2347 in
322 2291 443 2349 Nicocle
465 2283 493 2368 §.
514 2283 586 2350 104.
609 2285 774 2363 praecipit:
798 2289 932 2364 Ζηλσῦτε
948 2283 991 2368 μή
1004 2283 1077 2360 roric
1091 2291 1215 2348 πλεῖστα
1228 2283 1437 2366 κεκτημένους,

280 2385 354 2453 dlld
373 2387 446 2465 τούς
463 2385 557 2470 μηδὲν
574 2384 667 2450 tundo
683 2388 788 2464 cpiam
808 2380 912 2461 αὐτοῖς
928 2385 1112 2462 συνειδότας.
1142 2391 1239 2460 Quare
1259 2387 1435 2446 Doederliu.

279 2497 311 2550 in
332 2495 509 2551 Εσσιίοηιιιη
530 2491 774 2546 Horatiatmrum
794 2489 906 2547 decade
923 2488 1061 2571 (Erlang.
1077 2490 1186 2572 1828.)
1200 2512 1231 2570 p.
1242 2491 1274 2551 7.
1290 2489 1437 2548 dieucum

279 2614 400 2652 meeum
421 2595 473 2650 alii
496 2611 584 2648 muro
605 2593 681 2648 item
703 2589 836 2662 aheneo,
860 2594 914 2672 qui
934 2612 964 2650 v.
987 2593 1037 2655 62
1059 2597 1086 2653 si
1104 2613 1169 2651 nou
1190 2592 1378 2672 descriptus,
1407 2606 1437 2652 at

278 2694 463 2774 significatus
485 2697 540 2769 sit,
568 2695 680 2773 opponi
701 2694 871 2752 arbitratur.
913 2695 985 2754 Jam
1005 2695 1091 2754 vides
1117 2693 1198 2753 hunc
1219 2699 1437 2754 sententiarum

280 2797 436 2858 ordinem:
475 2798 642 2872 „Clamant
665 2815 787 2870 omnes,
817 2797 961 2854 virtutem
982 2799 1044 2855 aeri
1064 2795 1326 2878 posthabendam
1354 2801 1439 2878 atqui

279 2903 445 2981 sapientius
466 2901 515 2957 rel
541 2901 628 2978 pueri
650 2897 790 2956 ludentes
818 2917 882 2956 nou
911 2919 979 2958 aere
1006 2921 1062 2959 seu
1088 2903 1221 2959 externis
1247 2901 1351 2976 bonis,
1383 2902 1436 2960 sed

279 3006 352 3062 recti
374 3005 499 3062 scientia
521 3012 551 3060 et
572 3003 659 3060 bonis
681 3001 795 3059 artibus
812 3003 914 3058 metiri
931 3015 1166 3078 consueverunt,
1189 3023 1265 3084 quos
1285 3023 1370 3082 reges
1390 3005 1438 3062 fa-

279 3108 456 3180 cturisunt3
480 3125 550 3185 ergo
572 3125 681 3184 pueros
703 3105 761 3162 viri
781 3105 891 3161 imitati
913 3124 947 3162 se
969 3108 1097 3186 quisque
1118 3127 1179 3164 uon
1202 3110 1268 3164 auri
1285 3111 1438 3185 argentive

279 3211 392 3266 acervis
414 3209 463 3266 vel
494 3209 588 3266 saccis
607 3218 753 3288 tauquam
773 3227 860 3264 muro
884 3209 1129 3283 circumvallent,
1158 3207 1214 3267 sed
1235 3207 1317 3266 huno
1336 3213 1437 3290 potius

278 3329 400 3369 murum
420 3319 556 3388 putante,
577 3312 623 3367 nil
645 3313 778 3368 conscire
800 3311 891 3368 sibi.“
934 3311 1114 3389 Quanquam
1134 3332 1240 3371 sensus
1263 3323 1308 3370 est
1329 3313 1437 3386 bouus,

279 3421 449 3470 testamen
476 3413 596 3490 lougius
625 3414 776 3494 altiusque
802 3415 929 3491 repetita
956 3411 1085 3471 videtur.
1128 3416 1171 3471 Ne
1198 3426 1316 3488 autem,
1354 3415 1436 3496 quod

282 3513 478 3573 Wehndiue
491 3525 520 3572 et
538 3513 700 3573 Sclzie‘tzins
713 3515 867 3589 fecerunt,
889 3513 947 3573 hos
960 3533 1065 3573 versus
1080 3517 1234 3594 elegantes
1247 3518 1335 3576 obelo
1350 3528 1437 3576 note·

278 3636 347 3675 mus
369 3627 421 3674 aut
442 3618 474 3673 in
496 3617 627 3675 fonnula
647 3615 754 3674 cirenei
774 3618 857 3674 muri
876 3626 1067 3694 argutemur,
1089 3638 1158 3676 eam
1178 3618 1256 3678 nihil
1272 3619 1354 3677 aliud
1373 3639 1437 3677 esse

278 3721 338 3777 nisi
359 3719 536 3776 becconem
560 3719 780 3797 proverbialem
807 3718 1028 3780 observandum
1056 3719 1186 3778 videtur.
1228 3723 1336 3780 Omnia
1357 3725 1438 3780 euim

279 3842 319 3878 ex
339 3841 425 3890 aere,
437 3821 539 3899 ferro,
560 3821 723 3879 adortante
743 3822 823 3881 facta
844 3820 1000 3898 dicuntur,
1025 3843 1103 3904 quae
1125 3823 1224 3893 dora,
1245 3825 1438 3902 inflextbrlru,

270 3923 452 3997 fhmiseime
468 3935 556 3999 sunt3
579 3927 622 3983 sic
643 3923 699 3983 0d.
724 3927 753 4000 1,
771 3929 822 4000 33,
847 3928 917 4002 11.,
938 3927 975 4003 3,
997 3927 1033 4002 9,
1057 3926 1106 3988 18.
1117 3931 1203 4006 juga
1224 3926 1358 4002 ubertea3
1381 3925 1438 3987 0d.

278 4024 309 4100 3,
331 4025 361 4099 8,
384 4026 437 4089 65.
459 4047 564 4084 murus
584 4025 734 4099 aheneum·
757 4026 812 4086 0d.
831 4027 868 4104 8,
892 4031 949 4104 16,
973 4031 1003 4091 1.
1025 4031 1118 4086 :aare
1136 4029 1262 4087 ahenea.
1307 4031 1439 4088 Praeirit

278 4129 428 4188 llomerus
451 4127 507 4189 cd.
531 4131 581 4206 10,
603 4125 633 4190 4.
655 4131 692 4188 ΙΙ.
711 4129 747 4205 2,
769 4125 843 4192 490.
865 4131 896 4206 6,
916 4131 992 4193 887.
1015 4133 1073 4206 11,
1095 4127 1170 4195 241.
1195 4132 1251 4208 18,
1273 4135 1346 4195 222.
1389 4135 1437 4191 cf.

278 4227 398 4289 Mitsch.
421 4229 461 4290 ad
478 4229 534 4291 Od.
559 4235 587 4306 1,
609 4233 640 4308 8,
662 4233 693 4295 9.
736 4231 878 4313 Aeschyl.
895 4230 1050 4292 Prometh
1065 4253 1094 4292 v.
1112 4235 1142 4296 6.
1163 4235 1302 4292 Perizon.
1323 4231 1362 4291 ad
1378 4235 1440 4290 Ae·

279 4333 352 4390 lian.
372 4335 443 4392 Var.
466 4336 544 4393 Hist.
567 4337 607 4411 6,
638 4339 689 4399 12.
717 4335 867 4396 Pindarus
889 4334 970 4416 apud
991 4333 1190 4395 Plutarchum
1211 4338 1243 4393 in
1264 4338 1327 4394 rita
1348 4337 1439 4392 Marc.

278 4437 318 4498 ll.
340 4454 371 4514 p·
385 4432 457 4498 466.
478 4439 514 4495 R·
540 4433 580 4501 To*
602 4433 859 4521 πεπρωμένονσῦ
879 4442 958 4521 πῦρ,
980 4430 1018 4502 oti
1041 4439 1189 4520 σιδαροῦν
1211 4433 1315 4520 σχήσει
1334 4442 1437 4515 τεῖχος.

279 4539 421 4597 Ceterum
441 4535 526 4596 firma
548 4559 645 4620 quum
666 4543 709 4600 rei
724 4540 898 4622 cujuslibet,
921 4552 988 4600 tum
1005 4553 1086 4604 recte
1101 4541 1253 4602 sentiendi
1268 4536 1439 4620 agendique
