<?xml version="1.0" encoding="UTF-8"?>
<!DOCTYPE html PUBLIC "-//W3C//DTD XHTML 1.0 Transitional//EN"
    "http://www.w3.org/TR/xhtml1/DTD/xhtml1-transitional.dtd">
<html xmlns="http://www.w3.org/1999/xhtml" xml:lang="en" lang="en">
 <head>
  <title>
</title>
<meta http-equiv="Content-Type" content="text/html;charset=utf-8" />
  <meta name='ocr-system' content='tesseract 3.04.00' />
  <meta name='ocr-capabilities' content='ocr_page ocr_carea ocr_par ocr_line ocrx_word'/>
</head>
<body>
  <div class='ocr_page' id='page_1' title='image "./quintihoratiifl01schmgoog_0267.png"; bbox 0 0 3450 5334; ppageno 0'>
   <div class='ocr_carea' id='block_1_1' title="bbox 207 501 1368 578">
    <p class='ocr_par' dir='ltr' id='par_1_1' title="bbox 207 501 1368 578">
     <span class='ocr_line' id='line_1_1' title="bbox 207 501 1368 578; baseline 0.001 -10"><span class='ocrx_word' id='word_1_1' title='bbox 207 501 249 568; x_wconf 80' lang='lat'><strong>49</strong></span> <span class='ocrx_word' id='word_1_2' title='bbox 292 502 582 565; x_wconf 68' lang='lat' dir='ltr'><strong>consummana</strong></span> <span class='ocrx_word' id='word_1_3' title='bbox 597 502 641 564; x_wconf 79' lang='grc' dir='ltr'><strong>ΙΝ</strong></span> <span class='ocrx_word' id='word_1_4' title='bbox 653 502 912 568; x_wconf 80' lang='lat' dir='ltr'><strong>HORATllLtB.</strong></span> <span class='ocrx_word' id='word_1_5' title='bbox 926 504 949 563; x_wconf 93' lang='grc'><strong>1.</strong></span> <span class='ocrx_word' id='word_1_6' title='bbox 975 504 1261 578; x_wconf 69' lang='lat' dir='ltr'><strong>natandum.</strong></span> <span class='ocrx_word' id='word_1_7' title='bbox 1303 504 1368 569; x_wconf 68' lang='lat'><strong>259</strong></span> 
     </span>
    </p>
   </div>
   <div class='ocr_carea' id='block_1_2' title="bbox 206 690 1368 4061">
    <p class='ocr_par' dir='ltr' id='par_1_2' title="bbox 206 690 1368 4061">
     <span class='ocr_line' id='line_1_2' title="bbox 209 690 1368 772; baseline 0.003 -21"><span class='ocrx_word' id='word_1_8' title='bbox 209 692 302 754; x_wconf 85' lang='lat' dir='ltr'><strong>Giess.</strong></span> <span class='ocrx_word' id='word_1_9' title='bbox 326 691 420 755; x_wconf 82' lang='lat'><strong>1785.</strong></span> <span class='ocrx_word' id='word_1_10' title='bbox 444 709 475 768; x_wconf 75' lang='grc' dir='ltr'><strong>Ρ.</strong></span> <span class='ocrx_word' id='word_1_11' title='bbox 502 692 567 771; x_wconf 84' lang='lat'><strong>12.)</strong></span> <span class='ocrx_word' id='word_1_12' title='bbox 588 690 741 751; x_wconf 79' lang='lat' dir='ltr'><strong>Horatium</strong></span> <span class='ocrx_word' id='word_1_13' title='bbox 762 691 818 751; x_wconf 84' lang='lat' dir='ltr'><strong>hoc</strong></span> <span class='ocrx_word' id='word_1_14' title='bbox 838 691 954 769; x_wconf 89' lang='lat' dir='ltr'><strong>quidem</strong></span> <span class='ocrx_word' id='word_1_15' title='bbox 973 699 1102 772; x_wconf 86' lang='lat' dir='ltr'><strong>tempore</strong></span> <span class='ocrx_word' id='word_1_16' title='bbox 1122 693 1237 771; x_wconf 86' lang='lat' dir='ltr'><strong>Epicuri</strong></span> <span class='ocrx_word' id='word_1_17' title='bbox 1253 695 1368 755; x_wconf 87' lang='lat' dir='ltr'><strong>decreta</strong></span> 
     </span>
     <span class='ocr_line' id='line_1_3' title="bbox 208 792 1367 874; baseline 0.004 -21"><span class='ocrx_word' id='word_1_18' title='bbox 208 814 274 855; x_wconf 82' lang='lat' dir='ltr'><strong>vere</strong></span> <span class='ocrx_word' id='word_1_19' title='bbox 300 799 440 853; x_wconf 85' lang='lat' dir='ltr'><strong>sectatum</strong></span> <span class='ocrx_word' id='word_1_20' title='bbox 468 812 531 852; x_wconf 90' lang='lat' dir='ltr'><strong>esse</strong></span> <span class='ocrx_word' id='word_1_21' title='bbox 559 792 612 852; x_wconf 88' lang='lat' dir='ltr'><strong>sibi</strong></span> <span class='ocrx_word' id='word_1_22' title='bbox 640 796 823 871; x_wconf 84' lang='lat' dir='ltr'><strong>persuadent.</strong></span> <span class='ocrx_word' id='word_1_23' title='bbox 872 796 978 866; x_wconf 85' lang='lat' dir='ltr'><strong>Quidni</strong></span> <span class='ocrx_word' id='word_1_24' title='bbox 1004 796 1103 855; x_wconf 88' lang='lat' dir='ltr'><strong>eodem</strong></span> <span class='ocrx_word' id='word_1_25' title='bbox 1129 798 1193 874; x_wconf 87' lang='lat' dir='ltr'><strong>jure</strong></span> <span class='ocrx_word' id='word_1_26' title='bbox 1215 796 1367 858; x_wconf 85' lang='lat' dir='ltr'><strong>Horatium</strong></span> 
     </span>
     <span class='ocr_line' id='line_1_4' title="bbox 208 893 1368 981; baseline 0.002 -26"><span class='ocrx_word' id='word_1_27' title='bbox 208 896 366 956; x_wconf 87' lang='lat' dir='ltr'><strong>Phaeacem</strong></span> <span class='ocrx_word' id='word_1_28' title='bbox 386 895 473 953; x_wconf 86' lang='lat' dir='ltr'><strong>fuisse</strong></span> <span class='ocrx_word' id='word_1_29' title='bbox 493 895 616 955; x_wconf 85' lang='lat' dir='ltr'><strong>affirmes</strong></span> <span class='ocrx_word' id='word_1_30' title='bbox 640 895 748 974; x_wconf 83' lang='lat' dir='ltr'><strong>(Epist.</strong></span> <span class='ocrx_word' id='word_1_31' title='bbox 766 898 822 975; x_wconf 91' lang='lat'><strong>15,</strong></span> <span class='ocrx_word' id='word_1_32' title='bbox 847 893 935 979; x_wconf 62' lang='lat'><strong>2452</strong></span> <span class='ocrx_word' id='word_1_33' title='bbox 976 898 1063 969; x_wconf 84' lang='lat' dir='ltr'><strong>Quod</strong></span> <span class='ocrx_word' id='word_1_34' title='bbox 1084 918 1116 957; x_wconf 91' lang='lat' dir='ltr'><strong>se</strong></span> <span class='ocrx_word' id='word_1_35' title='bbox 1129 918 1213 955; x_wconf 83' lang='lat' dir='ltr'><strong>ruem</strong></span> <span class='ocrx_word' id='word_1_36' title='bbox 1227 919 1263 956; x_wconf 78' lang='lat' dir='ltr'><strong>es</strong></span> <span class='ocrx_word' id='word_1_37' title='bbox 1273 921 1368 981; x_wconf 80' lang='lat' dir='ltr'><strong>grego</strong></span> 
     </span>
     <span class='ocr_line' id='line_1_5' title="bbox 207 998 1365 1077; baseline 0.004 -20"><span class='ocrx_word' id='word_1_38' title='bbox 207 1000 296 1077; x_wconf 79' lang='lat' dir='ltr'><strong>Epic.</strong></span> <span class='ocrx_word' id='word_1_39' title='bbox 312 1002 414 1073; x_wconf 87' lang='lat' dir='ltr'><strong>vocat,</strong></span> <span class='ocrx_word' id='word_1_40' title='bbox 437 998 468 1055; x_wconf 93' lang='lat' dir='ltr'><strong>id</strong></span> <span class='ocrx_word' id='word_1_41' title='bbox 481 1017 516 1057; x_wconf 81' lang='lat' dir='ltr'><strong>en</strong></span> <span class='ocrx_word' id='word_1_42' title='bbox 535 1004 618 1077; x_wconf 84' lang='lat' dir='ltr'><strong>parte</strong></span> <span class='ocrx_word' id='word_1_43' title='bbox 632 998 667 1055; x_wconf 86' lang='lat' dir='ltr'><strong>iis</strong></span> <span class='ocrx_word' id='word_1_44' title='bbox 684 998 772 1057; x_wconf 87' lang='lat' dir='ltr'><strong>lucem</strong></span> <span class='ocrx_word' id='word_1_45' title='bbox 790 999 912 1077; x_wconf 86' lang='lat' dir='ltr'><strong>accipit,</strong></span> <span class='ocrx_word' id='word_1_46' title='bbox 929 1019 1003 1075; x_wconf 85' lang='lat' dir='ltr'><strong>quae</strong></span> <span class='ocrx_word' id='word_1_47' title='bbox 1025 1000 1109 1059; x_wconf 84' lang='lat' dir='ltr'><strong>affert</strong></span> <span class='ocrx_word' id='word_1_48' title='bbox 1125 1001 1224 1062; x_wconf 84' lang='lat' dir='ltr'><strong><em>Beier.</em></strong></span> <span class='ocrx_word' id='word_1_49' title='bbox 1242 1002 1289 1063; x_wconf 92' lang='lat' dir='ltr'><strong>ad.</strong></span> <span class='ocrx_word' id='word_1_50' title='bbox 1305 1002 1365 1067; x_wconf 86' lang='lat' dir='ltr'><strong>Cic.</strong></span> 
     </span>
     <span class='ocr_line' id='line_1_6' title="bbox 210 1096 1367 1182; baseline 0.002 -21"><span class='ocrx_word' id='word_1_51' title='bbox 210 1102 295 1161; x_wconf 83' lang='lat' dir='ltr'><strong>offic.</strong></span> <span class='ocrx_word' id='word_1_52' title='bbox 320 1100 360 1178; x_wconf 82' lang='lat'><strong>3,</strong></span> <span class='ocrx_word' id='word_1_53' title='bbox 382 1100 435 1162; x_wconf 78' lang='lat'><strong>38.</strong></span> <span class='ocrx_word' id='word_1_54' title='bbox 460 1120 488 1179; x_wconf 88' lang='lat' dir='ltr'><strong>p.</strong></span> <span class='ocrx_word' id='word_1_55' title='bbox 508 1096 580 1163; x_wconf 83' lang='lat'><strong>413.</strong></span> <span class='ocrx_word' id='word_1_56' title='bbox 624 1100 797 1179; x_wconf 88' lang='lat' dir='ltr'><strong>Interpretes</strong></span> <span class='ocrx_word' id='word_1_57' title='bbox 811 1107 980 1180; x_wconf 86' lang='lat' dir='ltr'><strong>comparant</strong></span> <span class='ocrx_word' id='word_1_58' title='bbox 994 1102 1052 1161; x_wconf 86' lang='lat' dir='ltr'><strong>Cic.</strong></span> <span class='ocrx_word' id='word_1_59' title='bbox 1067 1101 1124 1160; x_wconf 89' lang='lat' dir='ltr'><strong>Pis.</strong></span> <span class='ocrx_word' id='word_1_60' title='bbox 1140 1103 1189 1165; x_wconf 89' lang='grc'><strong>16.</strong></span> <span class='ocrx_word' id='word_1_61' title='bbox 1233 1106 1367 1182; x_wconf 79' lang='lat' dir='ltr'><strong>Epicure</strong></span> 
     </span>
     <span class='ocr_line' id='line_1_7' title="bbox 209 1202 1366 1281; baseline 0.003 -18"><span class='ocrx_word' id='word_1_62' title='bbox 209 1214 307 1263; x_wconf 82' lang='lat' dir='ltr'><strong>noster</strong></span> <span class='ocrx_word' id='word_1_63' title='bbox 329 1222 364 1260; x_wconf 80' lang='lat' dir='ltr'><strong>ex</strong></span> <span class='ocrx_word' id='word_1_64' title='bbox 388 1202 466 1261; x_wconf 78' lang='lat' dir='ltr'><strong>hara</strong></span> <span class='ocrx_word' id='word_1_65' title='bbox 484 1204 651 1281; x_wconf 80' lang='lat' dir='ltr'><strong>producte,</strong></span> <span class='ocrx_word' id='word_1_66' title='bbox 672 1223 734 1259; x_wconf 82' lang='lat' dir='ltr'><strong>non</strong></span> <span class='ocrx_word' id='word_1_67' title='bbox 749 1223 784 1259; x_wconf 79' lang='lat' dir='ltr'><strong>ex</strong></span> <span class='ocrx_word' id='word_1_68' title='bbox 797 1202 923 1273; x_wconf 79' lang='lat' dir='ltr'><strong>schola,</strong></span> <span class='ocrx_word' id='word_1_69' title='bbox 944 1209 975 1261; x_wconf 84' lang='lat' dir='ltr'><strong>et</strong></span> <span class='ocrx_word' id='word_1_70' title='bbox 989 1204 1026 1261; x_wconf 87' lang='lat' dir='ltr'><strong>de</strong></span> <span class='ocrx_word' id='word_1_71' title='bbox 1038 1204 1095 1281; x_wconf 88' lang='lat' dir='ltr'><strong>joci</strong></span> <span class='ocrx_word' id='word_1_72' title='bbox 1112 1204 1293 1264; x_wconf 76' lang='lat' dir='ltr'><strong>similitudine</strong></span> <span class='ocrx_word' id='word_1_73' title='bbox 1306 1206 1366 1267; x_wconf 77' lang='lat' dir='ltr'><strong>cic.</strong></span> 
     </span>
     <span class='ocr_line' id='line_1_8' title="bbox 208 1303 1367 1388; baseline -0.002 -19"><span class='ocrx_word' id='word_1_74' title='bbox 208 1308 302 1388; x_wconf 82' lang='lat' dir='ltr'><strong>Epist.</strong></span> <span class='ocrx_word' id='word_1_75' title='bbox 322 1310 361 1369; x_wconf 84' lang='lat' dir='ltr'><strong>ad</strong></span> <span class='ocrx_word' id='word_1_76' title='bbox 376 1306 441 1367; x_wconf 82' lang='lat' dir='ltr'><strong>Div.</strong></span> <span class='ocrx_word' id='word_1_77' title='bbox 459 1305 479 1364; x_wconf 90' lang='lat'><strong>9</strong></span> <span class='ocrx_word' id='word_1_78' title='bbox 487 1346 497 1383; x_wconf 92' lang='lat'><strong>,</strong></span> <span class='ocrx_word' id='word_1_79' title='bbox 511 1304 570 1383; x_wconf 84' lang='lat'><strong>20,</strong></span> <span class='ocrx_word' id='word_1_80' title='bbox 593 1304 624 1369; x_wconf 86' lang='lat'><strong>5.</strong></span> <span class='ocrx_word' id='word_1_81' title='bbox 665 1303 707 1362; x_wconf 86' lang='lat' dir='ltr'><strong>At</strong></span> <span class='ocrx_word' id='word_1_82' title='bbox 721 1310 814 1363; x_wconf 89' lang='lat' dir='ltr'><strong>toturn</strong></span> <span class='ocrx_word' id='word_1_83' title='bbox 826 1304 881 1363; x_wconf 87' lang='lat' dir='ltr'><strong>hoc</strong></span> <span class='ocrx_word' id='word_1_84' title='bbox 889 1305 1004 1384; x_wconf 83' lang='lat' dir='ltr'><strong>jocandi</strong></span> <span class='ocrx_word' id='word_1_85' title='bbox 1017 1323 1108 1382; x_wconf 81' lang='lat' dir='ltr'><strong>genus</strong></span> <span class='ocrx_word' id='word_1_86' title='bbox 1122 1308 1228 1384; x_wconf 91' lang='lat' dir='ltr'><strong>optime</strong></span> <span class='ocrx_word' id='word_1_87' title='bbox 1243 1308 1367 1368; x_wconf 87' lang='lat' dir='ltr'><strong>illustra-</strong></span> 
     </span>
     <span class='ocr_line' id='line_1_9' title="bbox 209 1407 1368 1488; baseline 0.001 -18"><span class='ocrx_word' id='word_1_88' title='bbox 209 1412 251 1471; x_wconf 83' lang='lat' dir='ltr'><strong>vit</strong></span> <span class='ocrx_word' id='word_1_89' title='bbox 268 1410 466 1470; x_wconf 80' lang='lat' dir='ltr'><strong>Welnrrdr&#39;ue</strong></span> <span class='ocrx_word' id='word_1_90' title='bbox 479 1427 509 1485; x_wconf 92' lang='lat' dir='ltr'><strong>p.</strong></span> <span class='ocrx_word' id='word_1_91' title='bbox 528 1407 587 1471; x_wconf 88' lang='lat'><strong>102</strong></span> <span class='ocrx_word' id='word_1_92' title='bbox 606 1426 676 1485; x_wconf 84' lang='lat' dir='ltr'><strong>sqq,</strong></span> <span class='ocrx_word' id='word_1_93' title='bbox 694 1408 772 1484; x_wconf 89' lang='lat' dir='ltr'><strong>cujus</strong></span> <span class='ocrx_word' id='word_1_94' title='bbox 788 1407 969 1488; x_wconf 84' lang='lat' dir='ltr'><strong>explicationi</strong></span> <span class='ocrx_word' id='word_1_95' title='bbox 985 1408 1009 1465; x_wconf 90' lang='lat' dir='ltr'><strong>si</strong></span> <span class='ocrx_word' id='word_1_96' title='bbox 1027 1409 1185 1467; x_wconf 76' lang='lat' dir='ltr'><strong>addideris:</strong></span> <span class='ocrx_word' id='word_1_97' title='bbox 1215 1410 1368 1470; x_wconf 79' lang='lat' dir='ltr'><strong>Horatium</strong></span> 
     </span>
     <span class='ocr_line' id='line_1_10' title="bbox 210 1508 1367 1591; baseline -0.001 -18"><span class='ocrx_word' id='word_1_98' title='bbox 210 1520 240 1573; x_wconf 87' lang='lat' dir='ltr'><strong>et</strong></span> <span class='ocrx_word' id='word_1_99' title='bbox 261 1532 280 1572; x_wconf 87' lang='lat' dir='ltr'><strong>a</strong></span> <span class='ocrx_word' id='word_1_100' title='bbox 306 1532 359 1571; x_wconf 91' lang='lat' dir='ltr'><strong>suo</strong></span> <span class='ocrx_word' id='word_1_101' title='bbox 383 1512 472 1590; x_wconf 90' lang='lat' dir='ltr'><strong>ipsius</strong></span> <span class='ocrx_word' id='word_1_102' title='bbox 493 1510 620 1589; x_wconf 87' lang='lat' dir='ltr'><strong>corporis</strong></span> <span class='ocrx_word' id='word_1_103' title='bbox 642 1508 741 1568; x_wconf 86' lang='lat' dir='ltr'><strong>habitu</strong></span> <span class='ocrx_word' id='word_1_104' title='bbox 768 1510 912 1585; x_wconf 87' lang='lat' dir='ltr'><strong>quandam</strong></span> <span class='ocrx_word' id='word_1_105' title='bbox 930 1509 1041 1567; x_wconf 87' lang='lat' dir='ltr'><strong>ridendi</strong></span> <span class='ocrx_word' id='word_1_106' title='bbox 1057 1512 1202 1570; x_wconf 87' lang='lat' dir='ltr'><strong>materiem</strong></span> <span class='ocrx_word' id='word_1_107' title='bbox 1213 1515 1367 1591; x_wconf 85' lang='lat' dir='ltr'><strong>sumpsisse</strong></span> 
     </span>
     <span class='ocr_line' id='line_1_11' title="bbox 210 1612 1365 1696; baseline 0.003 -23"><span class='ocrx_word' id='word_1_108' title='bbox 210 1621 240 1673; x_wconf 89' lang='lat' dir='ltr'><strong>et</strong></span> <span class='ocrx_word' id='word_1_109' title='bbox 257 1614 401 1694; x_wconf 81' lang='lat' dir='ltr'><strong>praecepti</strong></span> <span class='ocrx_word' id='word_1_110' title='bbox 412 1618 480 1673; x_wconf 89' lang='lat' dir='ltr'><strong>ante</strong></span> <span class='ocrx_word' id='word_1_111' title='bbox 500 1612 576 1689; x_wconf 89' lang='lat' dir='ltr'><strong>dati,</strong></span> <span class='ocrx_word' id='word_1_112' title='bbox 601 1612 626 1669; x_wconf 94' lang='lat' dir='ltr'><strong>si</strong></span> <span class='ocrx_word' id='word_1_113' title='bbox 644 1630 702 1687; x_wconf 89' lang='lat' dir='ltr'><strong>qna</strong></span> <span class='ocrx_word' id='word_1_114' title='bbox 718 1612 879 1689; x_wconf 88' lang='lat' dir='ltr'><strong>videretur,</strong></span> <span class='ocrx_word' id='word_1_115' title='bbox 899 1612 1079 1670; x_wconf 80' lang='lat' dir='ltr'><strong>severitatem</strong></span> <span class='ocrx_word' id='word_1_116' title='bbox 1096 1633 1149 1674; x_wconf 91' lang='lat' dir='ltr'><strong>suo</strong></span> <span class='ocrx_word' id='word_1_117' title='bbox 1168 1635 1248 1674; x_wconf 91' lang='lat' dir='ltr'><strong>moro</strong></span> <span class='ocrx_word' id='word_1_118' title='bbox 1258 1615 1365 1696; x_wconf 88' lang='lat' dir='ltr'><strong>(Epist.</strong></span> 
     </span>
     <span class='ocr_line' id='line_1_12' title="bbox 211 1712 1366 1794; baseline 0 -17"><span class='ocrx_word' id='word_1_119' title='bbox 211 1716 248 1793; x_wconf 93' lang='lat'><strong>1,</strong></span> <span class='ocrx_word' id='word_1_120' title='bbox 272 1713 420 1794; x_wconf 90' lang='lat'><strong>1,106.)</strong></span> <span class='ocrx_word' id='word_1_121' title='bbox 444 1712 597 1772; x_wconf 80' lang='lat' dir='ltr'><strong>dissolvere</strong></span> <span class='ocrx_word' id='word_1_122' title='bbox 617 1713 756 1791; x_wconf 88' lang='lat' dir='ltr'><strong>voluisse,</strong></span> <span class='ocrx_word' id='word_1_123' title='bbox 785 1714 881 1774; x_wconf 84' lang='lat' dir='ltr'><strong>omnia</strong></span> <span class='ocrx_word' id='word_1_124' title='bbox 904 1733 987 1771; x_wconf 91' lang='lat' dir='ltr'><strong>suum</strong></span> <span class='ocrx_word' id='word_1_125' title='bbox 1014 1714 1159 1775; x_wconf 87' lang='lat' dir='ltr'><strong>habebunt</strong></span> <span class='ocrx_word' id='word_1_126' title='bbox 1184 1716 1366 1777; x_wconf 86' lang='lat' dir='ltr'><strong>intellectum</strong></span> 
     </span>
     <span class='ocr_line' id='line_1_13' title="bbox 208 1813 1367 1897; baseline 0.001 -21"><span class='ocrx_word' id='word_1_127' title='bbox 208 1817 321 1877; x_wconf 87' lang='lat' dir='ltr'><strong>Etenim</strong></span> <span class='ocrx_word' id='word_1_128' title='bbox 341 1818 474 1893; x_wconf 88' lang='lat' dir='ltr'><strong>antiquus</strong></span> <span class='ocrx_word' id='word_1_129' title='bbox 494 1813 604 1875; x_wconf 76' lang='lat' dir='ltr'><strong>Auctor</strong></span> <span class='ocrx_word' id='word_1_130' title='bbox 627 1816 702 1875; x_wconf 83' lang='lat' dir='ltr'><strong>vitae</strong></span> <span class='ocrx_word' id='word_1_131' title='bbox 732 1814 921 1875; x_wconf 87' lang='lat' dir='ltr'><strong>Horatianae:</strong></span> <span class='ocrx_word' id='word_1_132' title='bbox 955 1814 1092 1892; x_wconf 87' lang='lat' dir='ltr'><strong>„Habitu</strong></span> <span class='ocrx_word' id='word_1_133' title='bbox 1118 1819 1245 1897; x_wconf 89' lang='lat' dir='ltr'><strong>corporis</strong></span> <span class='ocrx_word' id='word_1_134' title='bbox 1274 1820 1367 1878; x_wconf 84' lang='lat' dir='ltr'><strong>brevis</strong></span> 
     </span>
     <span class='ocr_line' id='line_1_14' title="bbox 209 1901 1367 1999; baseline 0.002 -21"><span class='ocrx_word' id='word_1_135' title='bbox 209 1921 265 1979; x_wconf 88' lang='lat' dir='ltr'><strong>t&#39;uit</strong></span> <span class='ocrx_word' id='word_1_136' title='bbox 275 1926 362 1994; x_wconf 90' lang='lat' dir='ltr'><strong>atque</strong></span> <span class='ocrx_word' id='word_1_137' title='bbox 377 1916 512 1979; x_wconf 87' lang='lat' dir='ltr'><strong>obesus.“</strong></span> <span class='ocrx_word' id='word_1_138' title='bbox 555 1916 640 1976; x_wconf 89' lang='lat' dir='ltr'><strong>Plura</strong></span> <span class='ocrx_word' id='word_1_139' title='bbox 658 1917 696 1976; x_wconf 92' lang='lat' dir='ltr'><strong>ad</strong></span> <span class='ocrx_word' id='word_1_140' title='bbox 709 1916 802 1995; x_wconf 88' lang='lat' dir='ltr'><strong>Epist.</strong></span> <span class='ocrx_word' id='word_1_141' title='bbox 821 1916 879 1993; x_wconf 87' lang='lat'><strong>20,</strong></span> <span class='ocrx_word' id='word_1_142' title='bbox 900 1913 949 1980; x_wconf 84' lang='lat'><strong>24.</strong></span> <span class='ocrx_word' id='word_1_143' title='bbox 982 1901 1128 1976; x_wconf 64' lang='lat' dir='ltr'><strong>&#39;Ceterum</strong></span> <span class='ocrx_word' id='word_1_144' title='bbox 1148 1920 1262 1979; x_wconf 89' lang='lat' dir='ltr'><strong>minime</strong></span> <span class='ocrx_word' id='word_1_145' title='bbox 1278 1942 1367 1999; x_wconf 80' lang='lat' dir='ltr'><strong>nega-</strong></span> 
     </span>
     <span class='ocr_line' id='line_1_15' title="bbox 209 2017 1366 2099; baseline 0.002 -20"><span class='ocrx_word' id='word_1_146' title='bbox 209 2040 272 2080; x_wconf 89' lang='lat' dir='ltr'><strong>mus</strong></span> <span class='ocrx_word' id='word_1_147' title='bbox 287 2022 430 2097; x_wconf 85' lang='lat' dir='ltr'><strong>quandam</strong></span> <span class='ocrx_word' id='word_1_148' title='bbox 446 2020 560 2083; x_wconf 79' lang='lat' dir='ltr'><strong>Horatii</strong></span> <span class='ocrx_word' id='word_1_149' title='bbox 574 2020 612 2077; x_wconf 88' lang='lat' dir='ltr'><strong>ad</strong></span> <span class='ocrx_word' id='word_1_150' title='bbox 627 2018 741 2095; x_wconf 88' lang='lat' dir='ltr'><strong>Epicuri</strong></span> <span class='ocrx_word' id='word_1_151' title='bbox 758 2017 891 2094; x_wconf 87' lang='lat' dir='ltr'><strong>decreta,</strong></span> <span class='ocrx_word' id='word_1_152' title='bbox 912 2017 1014 2099; x_wconf 84' lang='lat' dir='ltr'><strong>quibus</strong></span> <span class='ocrx_word' id='word_1_153' title='bbox 1030 2027 1064 2093; x_wconf 44' lang='lat' dir='ltr'><strong>et,</strong></span> <span class='ocrx_word' id='word_1_154' title='bbox 1081 2022 1143 2099; x_wconf 83' lang='lat' dir='ltr'><strong>ipse</strong></span> <span class='ocrx_word' id='word_1_155' title='bbox 1162 2022 1288 2081; x_wconf 89' lang='lat' dir='ltr'><strong>imbutus</strong></span> <span class='ocrx_word' id='word_1_156' title='bbox 1302 2026 1366 2099; x_wconf 84' lang='lat' dir='ltr'><strong>suit,</strong></span> 
     </span>
     <span class='ocr_line' id='line_1_16' title="bbox 208 2096 1367 2201; baseline 0.003 -22"><span class='ocrx_word' id='word_1_157' title='bbox 208 2124 427 2201; x_wconf 79' lang='lat' dir='ltr'><strong>inclinationem,</strong></span> <span class='ocrx_word' id='word_1_158' title='bbox 451 2141 536 2199; x_wconf 88' lang='lat' dir='ltr'><strong>quam</strong></span> <span class='ocrx_word' id='word_1_159' title='bbox 553 2120 629 2180; x_wconf 86' lang='lat' dir='ltr'><strong>haud</strong></span> <span class='ocrx_word' id='word_1_160' title='bbox 642 2120 700 2177; x_wconf 88' lang='lat' dir='ltr'><strong>sci&#39;o</strong></span> <span class='ocrx_word' id='word_1_161' title='bbox 714 2134 750 2177; x_wconf 87' lang='lat' dir='ltr'><strong>an</strong></span> <span class='ocrx_word' id='word_1_162' title='bbox 762 2119 860 2195; x_wconf 87' lang='lat' dir='ltr'><strong>jocose</strong></span> <span class='ocrx_word' id='word_1_163' title='bbox 875 2117 920 2177; x_wconf 80' lang='lat' dir='ltr'><strong>laic</strong></span> <span class='ocrx_word' id='word_1_164' title='bbox 933 2127 1001 2178; x_wconf 90' lang='lat' dir='ltr'><strong>ante</strong></span> <span class='ocrx_word' id='word_1_165' title='bbox 1016 2096 1119 2179; x_wconf 75' lang='lat' dir='ltr'><strong>oculoo‘</strong></span> <span class='ocrx_word' id='word_1_166' title='bbox 1126 2139 1233 2200; x_wconf 91' lang='lat' dir='ltr'><strong>ponere</strong></span> <span class='ocrx_word' id='word_1_167' title='bbox 1246 2124 1367 2183; x_wconf 85' lang='lat' dir='ltr'><strong>voluerit</strong></span> 
     </span>
     <span class='ocr_line' id='line_1_17' title="bbox 209 2220 1366 2301; baseline 0 -18"><span class='ocrx_word' id='word_1_168' title='bbox 209 2222 325 2283; x_wconf 87' lang='lat' dir='ltr'><strong>Tibullo</strong></span> <span class='ocrx_word' id='word_1_169' title='bbox 344 2225 442 2284; x_wconf 85' lang='lat' dir='ltr'><strong>amico.</strong></span> <span class='ocrx_word' id='word_1_170' title='bbox 485 2225 531 2282; x_wconf 87' lang='lat' dir='ltr'><strong>Cs.</strong></span> <span class='ocrx_word' id='word_1_171' title='bbox 554 2224 590 2287; x_wconf 90' lang='lat' dir='ltr'><strong>C.</strong></span> <span class='ocrx_word' id='word_1_172' title='bbox 604 2222 721 2283; x_wconf 86' lang='lat' dir='ltr'><strong>Passov.</strong></span> <span class='ocrx_word' id='word_1_173' title='bbox 742 2240 771 2299; x_wconf 89' lang='lat' dir='ltr'><strong>p.</strong></span> <span class='ocrx_word' id='word_1_174' title='bbox 785 2220 891 2283; x_wconf 83' lang='lat' dir='ltr'><strong>XVIII.</strong></span> <span class='ocrx_word' id='word_1_175' title='bbox 907 2231 938 2283; x_wconf 90' lang='lat' dir='ltr'><strong>et</strong></span> <span class='ocrx_word' id='word_1_176' title='bbox 955 2222 1067 2301; x_wconf 84' lang='lat' dir='ltr'><strong>Grupp.</strong></span> <span class='ocrx_word' id='word_1_177' title='bbox 1088 2242 1119 2301; x_wconf 86' lang='lat' dir='ltr'><strong>p.</strong></span> <span class='ocrx_word' id='word_1_178' title='bbox 1134 2224 1206 2287; x_wconf 88' lang='grc'><strong>390.</strong></span> <span class='ocrx_word' id='word_1_179' title='bbox 1225 2260 1263 2271; x_wconf 87' lang='grc'><strong>-</strong></span> <span class='ocrx_word' id='word_1_180' title='bbox 1285 2228 1366 2284; x_wconf 80' lang='lat' dir='ltr'><strong>Pin-</strong></span> 
     </span>
     <span class='ocr_line' id='line_1_18' title="bbox 207 2316 1366 2405; baseline 0.004 -22"><span class='ocrx_word' id='word_1_181' title='bbox 207 2346 299 2405; x_wconf 81' lang='lat' dir='ltr'><strong>gnem</strong></span> <span class='ocrx_word' id='word_1_182' title='bbox 306 2370 319 2399; x_wconf 93' lang='lat'><strong>,</strong></span> <span class='ocrx_word' id='word_1_183' title='bbox 341 2326 394 2385; x_wconf 86' lang='lat' dir='ltr'><strong>hoc</strong></span> <span class='ocrx_word' id='word_1_184' title='bbox 407 2326 505 2385; x_wconf 88' lang='lat' dir='ltr'><strong>vocab.</strong></span> <span class='ocrx_word' id='word_1_185' title='bbox 527 2324 645 2385; x_wconf 78' lang='lat' dir='ltr'><strong>describi</strong></span> <span class='ocrx_word' id='word_1_186' title='bbox 656 2323 769 2383; x_wconf 84' lang='lat' dir='ltr'><strong>videtur</strong></span> <span class='ocrx_word' id='word_1_187' title='bbox 788 2322 980 2401; x_wconf 81' lang='lat' dir='ltr'><strong>corpulentia,</strong></span> <span class='ocrx_word' id='word_1_188' title='bbox 1002 2316 1116 2400; x_wconf 59' lang='lat' dir='ltr'><strong>saisita,</strong></span> <span class='ocrx_word' id='word_1_189' title='bbox 1140 2326 1197 2394; x_wconf 84' lang='lat' dir='ltr'><strong>rid.</strong></span> <span class='ocrx_word' id='word_1_190' title='bbox 1210 2326 1315 2388; x_wconf 78' lang='lat' dir='ltr'><strong>Muret</strong></span> <span class='ocrx_word' id='word_1_191' title='bbox 1327 2330 1366 2388; x_wconf 86' lang='lat' dir='ltr'><strong>ad</strong></span> 
     </span>
     <span class='ocr_line' id='line_1_19' title="bbox 209 2424 1366 2507; baseline 0.003 -21"><span class='ocrx_word' id='word_1_192' title='bbox 209 2427 330 2489; x_wconf 76' lang='lat' dir='ltr'><strong>Aristot.</strong></span> <span class='ocrx_word' id='word_1_193' title='bbox 344 2427 413 2487; x_wconf 84' lang='lat' dir='ltr'><strong>Eth.</strong></span> <span class='ocrx_word' id='word_1_194' title='bbox 431 2426 522 2504; x_wconf 81' lang='lat' dir='ltr'><strong>Ill.p.</strong></span> <span class='ocrx_word' id='word_1_195' title='bbox 536 2428 609 2490; x_wconf 85' lang='grc'><strong>357.</strong></span> <span class='ocrx_word' id='word_1_196' title='bbox 627 2428 673 2490; x_wconf 87' lang='lat' dir='ltr'><strong>ed.</strong></span> <span class='ocrx_word' id='word_1_197' title='bbox 688 2424 820 2499; x_wconf 82' lang='lat' dir='ltr'><strong>Ruhnn.;</strong></span> <span class='ocrx_word' id='word_1_198' title='bbox 844 2428 924 2482; x_wconf 84' lang='lat' dir='ltr'><strong>nitor</strong></span> <span class='ocrx_word' id='word_1_199' title='bbox 941 2429 971 2482; x_wconf 90' lang='lat' dir='ltr'><strong>et</strong></span> <span class='ocrx_word' id='word_1_200' title='bbox 983 2426 1100 2483; x_wconf 74' lang='lat' dir='ltr'><strong>nitr&#39;clus</strong></span> <span class='ocrx_word' id='word_1_201' title='bbox 1119 2446 1216 2487; x_wconf 84' lang='lat' dir='ltr'><strong>eorum</strong></span> <span class='ocrx_word' id='word_1_202' title='bbox 1238 2435 1296 2506; x_wconf 89' lang='lat' dir='ltr'><strong>est,</strong></span> <span class='ocrx_word' id='word_1_203' title='bbox 1318 2431 1366 2507; x_wconf 89' lang='lat' dir='ltr'><strong>qui</strong></span> 
     </span>
     <span class='ocr_line' id='line_1_20' title="bbox 209 2526 1367 2609; baseline -0.002 -22"><span class='ocrx_word' id='word_1_204' title='bbox 209 2548 328 2607; x_wconf 87' lang='lat' dir='ltr'><strong>corpore</strong></span> <span class='ocrx_word' id='word_1_205' title='bbox 343 2530 416 2588; x_wconf 85' lang='lat' dir='ltr'><strong>bene</strong></span> <span class='ocrx_word' id='word_1_206' title='bbox 428 2529 527 2588; x_wconf 86' lang='lat' dir='ltr'><strong>habito</strong></span> <span class='ocrx_word' id='word_1_207' title='bbox 539 2530 710 2607; x_wconf 74' lang='lat' dir='ltr'><strong>splendent,</strong></span> <span class='ocrx_word' id='word_1_208' title='bbox 730 2528 787 2587; x_wconf 81' lang='lat' dir='ltr'><strong>vid</strong></span> <span class='ocrx_word' id='word_1_209' title='bbox 800 2528 906 2587; x_wconf 89' lang='lat' dir='ltr'><strong>Heind.</strong></span> <span class='ocrx_word' id='word_1_210' title='bbox 925 2528 963 2585; x_wconf 87' lang='lat' dir='ltr'><strong>ud</strong></span> <span class='ocrx_word' id='word_1_211' title='bbox 975 2526 1037 2584; x_wconf 82' lang='lat' dir='ltr'><strong>Sat.</strong></span> <span class='ocrx_word' id='word_1_212' title='bbox 1052 2529 1090 2605; x_wconf 84' lang='lat'><strong>2,</strong></span> <span class='ocrx_word' id='word_1_213' title='bbox 1105 2532 1142 2607; x_wconf 81' lang='lat'><strong>2,</strong></span> <span class='ocrx_word' id='word_1_214' title='bbox 1163 2532 1230 2594; x_wconf 82' lang='lat'><strong>128.</strong></span> <span class='ocrx_word' id='word_1_215' title='bbox 1249 2538 1280 2591; x_wconf 84' lang='lat' dir='ltr'><strong>et</strong></span> <span class='ocrx_word' id='word_1_216' title='bbox 1294 2552 1367 2609; x_wconf 63' lang='lat' dir='ltr'><strong>quos</strong></span> 
     </span>
     <span class='ocr_line' id='line_1_21' title="bbox 208 2625 1367 2711; baseline 0.003 -24"><span class='ocrx_word' id='word_1_217' title='bbox 208 2630 307 2690; x_wconf 86' lang='lat' dir='ltr'><strong>laudat</strong></span> <span class='ocrx_word' id='word_1_218' title='bbox 324 2630 440 2689; x_wconf 87' lang='lat' dir='ltr'><strong>Ruhnk.</strong></span> <span class='ocrx_word' id='word_1_219' title='bbox 455 2632 493 2690; x_wconf 88' lang='lat' dir='ltr'><strong>ad</strong></span> <span class='ocrx_word' id='word_1_220' title='bbox 509 2630 627 2693; x_wconf 84' lang='lat' dir='ltr'><strong>Terent.</strong></span> <span class='ocrx_word' id='word_1_221' title='bbox 642 2628 718 2694; x_wconf 87' lang='lat' dir='ltr'><strong>Eun.</strong></span> <span class='ocrx_word' id='word_1_222' title='bbox 734 2632 770 2706; x_wconf 86' lang='lat'><strong>2,</strong></span> <span class='ocrx_word' id='word_1_223' title='bbox 792 2632 828 2707; x_wconf 87' lang='lat'><strong>2,</strong></span> <span class='ocrx_word' id='word_1_224' title='bbox 851 2631 901 2693; x_wconf 87' lang='lat'><strong>11.</strong></span> <span class='ocrx_word' id='word_1_225' title='bbox 943 2631 990 2686; x_wconf 89' lang='lat' dir='ltr'><strong>lta</strong></span> <span class='ocrx_word' id='word_1_226' title='bbox 1004 2625 1103 2689; x_wconf 86' lang='lat' dir='ltr'><strong>Livius</strong></span> <span class='ocrx_word' id='word_1_227' title='bbox 1116 2633 1175 2710; x_wconf 87' lang='lat'><strong>28,</strong></span> <span class='ocrx_word' id='word_1_228' title='bbox 1197 2632 1256 2711; x_wconf 85' lang='lat'><strong>35,</strong></span> <span class='ocrx_word' id='word_1_229' title='bbox 1278 2637 1308 2695; x_wconf 84' lang='lat'><strong>7.</strong></span> <span class='ocrx_word' id='word_1_230' title='bbox 1329 2636 1367 2695; x_wconf 88' lang='lat' dir='ltr'><strong>de</strong></span> 
     </span>
     <span class='ocr_line' id='line_1_22' title="bbox 209 2732 1367 2817; baseline 0.006 -28"><span class='ocrx_word' id='word_1_231' title='bbox 209 2732 353 2811; x_wconf 87' lang='lat' dir='ltr'><strong>Scipione:</strong></span> <span class='ocrx_word' id='word_1_232' title='bbox 374 2744 458 2791; x_wconf 81' lang='lat' dir='ltr'><strong>aetas</strong></span> <span class='ocrx_word' id='word_1_233' title='bbox 478 2734 510 2791; x_wconf 87' lang='lat' dir='ltr'><strong>in</strong></span> <span class='ocrx_word' id='word_1_234' title='bbox 536 2734 632 2792; x_wconf 84' lang='lat' dir='ltr'><strong>medio</strong></span> <span class='ocrx_word' id='word_1_235' title='bbox 654 2734 765 2791; x_wconf 80' lang='lat' dir='ltr'><strong>virium</strong></span> <span class='ocrx_word' id='word_1_236' title='bbox 784 2732 909 2804; x_wconf 81' lang='lat' dir='ltr'><strong>robore;</strong></span> <span class='ocrx_word' id='word_1_237' title='bbox 932 2732 1016 2809; x_wconf 81' lang='lat' dir='ltr'><strong>qood</strong></span> <span class='ocrx_word' id='word_1_238' title='bbox 1029 2732 1155 2810; x_wconf 80' lang='lat' dir='ltr'><strong>plenius</strong></span> <span class='ocrx_word' id='word_1_239' title='bbox 1181 2737 1367 2817; x_wconf 63' lang='lat' dir='ltr'><strong>nitidumque</strong></span> 
     </span>
     <span class='ocr_line' id='line_1_23' title="bbox 210 2832 1367 2913; baseline 0.003 -22"><span class='ocrx_word' id='word_1_240' title='bbox 210 2856 244 2891; x_wconf 82' lang='lat' dir='ltr'><strong>ex</strong></span> <span class='ocrx_word' id='word_1_241' title='bbox 264 2835 365 2894; x_wconf 79' lang='lat' dir='ltr'><strong>morbo</strong></span> <span class='ocrx_word' id='word_1_242' title='bbox 381 2835 464 2895; x_wconf 71' lang='lat' dir='ltr'><strong>velut</strong></span> <span class='ocrx_word' id='word_1_243' title='bbox 475 2836 707 2913; x_wconf 74' lang='lat' dir='ltr'><strong>renovatuaflos</strong></span> <span class='ocrx_word' id='word_1_244' title='bbox 717 2838 868 2908; x_wconf 77' lang='lat' dir='ltr'><strong>juventae</strong></span> <span class='ocrx_word' id='word_1_245' title='bbox 873 2832 1024 2912; x_wconf 78' lang='lat' dir='ltr'><strong>fizciebat.</strong></span> <span class='ocrx_word' id='word_1_246' title='bbox 1068 2834 1115 2893; x_wconf 89' lang='lat' dir='ltr'><strong>De</strong></span> <span class='ocrx_word' id='word_1_247' title='bbox 1133 2836 1271 2897; x_wconf 88' lang='lat' dir='ltr'><strong>dictione:</strong></span> <span class='ocrx_word' id='word_1_248' title='bbox 1295 2838 1367 2896; x_wconf 84' lang='lat' dir='ltr'><strong>bens</strong></span> 
     </span>
     <span class='ocr_line' id='line_1_24' title="bbox 209 2934 1365 3017; baseline 0.006 -22"><span class='ocrx_word' id='word_1_249' title='bbox 209 2948 317 2997; x_wconf 75' lang='lat' dir='ltr'><strong>curata</strong></span> <span class='ocrx_word' id='word_1_250' title='bbox 338 2947 404 2995; x_wconf 77' lang='lat' dir='ltr'><strong>oute</strong></span> <span class='ocrx_word' id='word_1_251' title='bbox 425 2938 482 2997; x_wconf 83' lang='lat' dir='ltr'><strong>vid.</strong></span> <span class='ocrx_word' id='word_1_252' title='bbox 499 2939 537 2996; x_wconf 84' lang='lat' dir='ltr'><strong>ad</strong></span> <span class='ocrx_word' id='word_1_253' title='bbox 552 2937 645 3017; x_wconf 86' lang='lat' dir='ltr'><strong>Epist.</strong></span> <span class='ocrx_word' id='word_1_254' title='bbox 670 2937 703 3012; x_wconf 88' lang='lat'><strong>1,</strong></span> <span class='ocrx_word' id='word_1_255' title='bbox 724 2938 760 3013; x_wconf 87' lang='grc'><strong>2,</strong></span> <span class='ocrx_word' id='word_1_256' title='bbox 782 2936 832 3000; x_wconf 87' lang='grc'><strong>29.</strong></span> <span class='ocrx_word' id='word_1_257' title='bbox 851 2941 881 2993; x_wconf 88' lang='lat' dir='ltr'><strong>et</strong></span> <span class='ocrx_word' id='word_1_258' title='bbox 896 2934 1025 2997; x_wconf 81' lang='lat' dir='ltr'><strong>Broukln·</strong></span> <span class='ocrx_word' id='word_1_259' title='bbox 1042 2937 1089 2999; x_wconf 85' lang='lat' dir='ltr'><strong>ad.</strong></span> <span class='ocrx_word' id='word_1_260' title='bbox 1112 2934 1180 2997; x_wconf 88' lang='lat' dir='ltr'><strong>Tib.</strong></span> <span class='ocrx_word' id='word_1_261' title='bbox 1195 2938 1233 3015; x_wconf 91' lang='lat'><strong>1,</strong></span> <span class='ocrx_word' id='word_1_262' title='bbox 1252 2938 1292 3015; x_wconf 84' lang='lat'><strong>5,</strong></span> <span class='ocrx_word' id='word_1_263' title='bbox 1312 2940 1365 3001; x_wconf 83' lang='lat'><strong>33.</strong></span> 
     </span>
     <span class='ocr_line' id='line_1_25' title="bbox 207 3036 1366 3118; baseline -0.001 -19"><span class='ocrx_word' id='word_1_264' title='bbox 207 3038 399 3116; x_wconf 75' lang='lat' dir='ltr'><strong>Hieronymus</strong></span> <span class='ocrx_word' id='word_1_265' title='bbox 415 3041 481 3100; x_wconf 86' lang='lat' dir='ltr'><strong>adv.</strong></span> <span class='ocrx_word' id='word_1_266' title='bbox 496 3039 588 3099; x_wconf 85' lang='lat' dir='ltr'><strong>Jorin.</strong></span> <span class='ocrx_word' id='word_1_267' title='bbox 607 3040 635 3101; x_wconf 87' lang='grc'><strong>2.</strong></span> <span class='ocrx_word' id='word_1_268' title='bbox 659 3056 689 3114; x_wconf 87' lang='lat' dir='ltr'><strong>p·</strong></span> <span class='ocrx_word' id='word_1_269' title='bbox 704 3038 753 3099; x_wconf 78' lang='lat'><strong>65.</strong></span> <span class='ocrx_word' id='word_1_270' title='bbox 768 3037 807 3097; x_wconf 92' lang='grc' dir='ltr'><strong>Η.</strong></span> <span class='ocrx_word' id='word_1_271' title='bbox 828 3036 904 3096; x_wconf 89' lang='lat' dir='ltr'><strong>hunc</strong></span> <span class='ocrx_word' id='word_1_272' title='bbox 915 3038 978 3094; x_wconf 89' lang='lat' dir='ltr'><strong>sine</strong></span> <span class='ocrx_word' id='word_1_273' title='bbox 992 3037 1081 3095; x_wconf 90' lang='lat' dir='ltr'><strong>dubio</strong></span> <span class='ocrx_word' id='word_1_274' title='bbox 1094 3038 1247 3115; x_wconf 70' lang='lat' dir='ltr'><strong>respiciens</strong></span> <span class='ocrx_word' id='word_1_275' title='bbox 1262 3040 1366 3118; x_wconf 87' lang='lat' dir='ltr'><strong>locum,</strong></span> 
     </span>
     <span class='ocr_line' id='line_1_26' title="bbox 208 3138 1365 3219; baseline 0.003 -22"><span class='ocrx_word' id='word_1_276' title='bbox 208 3156 293 3216; x_wconf 86' lang='lat' dir='ltr'><strong>quem</strong></span> <span class='ocrx_word' id='word_1_277' title='bbox 314 3160 344 3219; x_wconf 91' lang='lat' dir='ltr'><strong>p.</strong></span> <span class='ocrx_word' id='word_1_278' title='bbox 360 3140 412 3202; x_wconf 83' lang='lat'><strong>55.</strong></span> <span class='ocrx_word' id='word_1_279' title='bbox 426 3140 462 3198; x_wconf 86' lang='lat' dir='ltr'><strong>B.</strong></span> <span class='ocrx_word' id='word_1_280' title='bbox 477 3142 507 3199; x_wconf 91' lang='lat' dir='ltr'><strong>in</strong></span> <span class='ocrx_word' id='word_1_281' title='bbox 530 3140 725 3199; x_wconf 86' lang='lat' dir='ltr'><strong>amoenissimo</strong></span> <span class='ocrx_word' id='word_1_282' title='bbox 745 3156 815 3217; x_wconf 86' lang='lat' dir='ltr'><strong>agro</strong></span> <span class='ocrx_word' id='word_1_283' title='bbox 830 3140 860 3197; x_wconf 91' lang='lat' dir='ltr'><strong>in</strong></span> <span class='ocrx_word' id='word_1_284' title='bbox 880 3157 1005 3196; x_wconf 87' lang='lat' dir='ltr'><strong>morsum</strong></span> <span class='ocrx_word' id='word_1_285' title='bbox 1021 3138 1255 3215; x_wconf 81' lang='lat' dir='ltr'><strong>voluptuosorum</strong></span> <span class='ocrx_word' id='word_1_286' title='bbox 1275 3140 1365 3200; x_wconf 86' lang='lat' dir='ltr'><strong>homi-</strong></span> 
     </span>
     <span class='ocr_line' id='line_1_27' title="bbox 208 3239 1365 3325; baseline 0.003 -26"><span class='ocrx_word' id='word_1_287' title='bbox 208 3260 276 3300; x_wconf 92' lang='lat' dir='ltr'><strong>num</strong></span> <span class='ocrx_word' id='word_1_288' title='bbox 295 3240 363 3300; x_wconf 88' lang='lat' dir='ltr'><strong>dicit</strong></span> <span class='ocrx_word' id='word_1_289' title='bbox 382 3244 531 3325; x_wconf 85' lang='lat' dir='ltr'><strong>scriptum:</strong></span> <span class='ocrx_word' id='word_1_290' title='bbox 559 3242 671 3322; x_wconf 88' lang='lat' dir='ltr'><strong>„Nunc</strong></span> <span class='ocrx_word' id='word_1_291' title='bbox 683 3248 791 3319; x_wconf 86' lang='lat' dir='ltr'><strong>restat,</strong></span> <span class='ocrx_word' id='word_1_292' title='bbox 811 3247 845 3300; x_wconf 92' lang='lat' dir='ltr'><strong>ut</strong></span> <span class='ocrx_word' id='word_1_293' title='bbox 859 3239 1011 3317; x_wconf 85' lang='lat' dir='ltr'><strong>Epicurum</strong></span> <span class='ocrx_word' id='word_1_294' title='bbox 1024 3245 1154 3298; x_wconf 88' lang='lat' dir='ltr'><strong>nostrum</strong></span> <span class='ocrx_word' id='word_1_295' title='bbox 1167 3240 1317 3301; x_wconf 85' lang='lat' dir='ltr'><strong>subantem</strong></span> <span class='ocrx_word' id='word_1_296' title='bbox 1334 3244 1365 3301; x_wconf 87' lang='lat' dir='ltr'><strong>in</strong></span> 
     </span>
     <span class='ocr_line' id='line_1_28' title="bbox 206 3342 1366 3424; baseline 0.002 -21"><span class='ocrx_word' id='word_1_297' title='bbox 206 3342 328 3403; x_wconf 84' lang='lat' dir='ltr'><strong>hortulis</strong></span> <span class='ocrx_word' id='word_1_298' title='bbox 350 3344 409 3402; x_wconf 89' lang='lat' dir='ltr'><strong>suis</strong></span> <span class='ocrx_word' id='word_1_299' title='bbox 436 3345 510 3404; x_wconf 89' lang='lat' dir='ltr'><strong>inter</strong></span> <span class='ocrx_word' id='word_1_300' title='bbox 530 3343 754 3403; x_wconf 85' lang='lat' dir='ltr'><strong>adolescentulos</strong></span> <span class='ocrx_word' id='word_1_301' title='bbox 773 3350 804 3403; x_wconf 92' lang='lat' dir='ltr'><strong>et</strong></span> <span class='ocrx_word' id='word_1_302' title='bbox 824 3343 1001 3424; x_wconf 73' lang='lat' dir='ltr'><strong>mulierculas</strong></span> <span class='ocrx_word' id='word_1_303' title='bbox 1028 3342 1212 3418; x_wconf 79' lang='lat' dir='ltr'><strong>alloquamur.</strong></span> <span class='ocrx_word' id='word_1_304' title='bbox 1254 3344 1366 3405; x_wconf 83' lang='lat' dir='ltr'><strong>Farent</strong></span> 
     </span>
     <span class='ocr_line' id='line_1_29' title="bbox 207 3444 1364 3524; baseline 0 -19"><span class='ocrx_word' id='word_1_305' title='bbox 207 3446 262 3505; x_wconf 86' lang='lat' dir='ltr'><strong>tibi</strong></span> <span class='ocrx_word' id='word_1_306' title='bbox 276 3447 379 3521; x_wconf 86' lang='lat' dir='ltr'><strong>crassi,</strong></span> <span class='ocrx_word' id='word_1_307' title='bbox 400 3444 499 3524; x_wconf 91' lang='lat' dir='ltr'><strong>nitidi,</strong></span> <span class='ocrx_word' id='word_1_308' title='bbox 524 3444 655 3506; x_wconf 86' lang='lat' dir='ltr'><strong>dealbati.</strong></span> <span class='ocrx_word' id='word_1_309' title='bbox 699 3444 800 3522; x_wconf 79' lang='lat' dir='ltr'><strong>nude,</strong></span> <span class='ocrx_word' id='word_1_310' title='bbox 820 3445 846 3503; x_wconf 83' lang='lat' dir='ltr'><strong>ai</strong></span> <span class='ocrx_word' id='word_1_311' title='bbox 861 3446 904 3505; x_wconf 84' lang='lat' dir='ltr'><strong>vis</strong></span> <span class='ocrx_word' id='word_1_312' title='bbox 918 3446 1001 3522; x_wconf 86' lang='lat' dir='ltr'><strong>juxta</strong></span> <span class='ocrx_word' id='word_1_313' title='bbox 1012 3446 1186 3505; x_wconf 66' lang='lat' dir='ltr'><strong>&amp;usticam</strong></span> <span class='ocrx_word' id='word_1_314' title='bbox 1198 3444 1364 3524; x_wconf 90' lang='lat' dir='ltr'><strong>irrisionem,</strong></span> 
     </span>
     <span class='ocr_line' id='line_1_30' title="bbox 207 3546 1364 3626; baseline 0.002 -21"><span class='ocrx_word' id='word_1_315' title='bbox 207 3564 306 3605; x_wconf 88' lang='lat' dir='ltr'><strong>omnes</strong></span> <span class='ocrx_word' id='word_1_316' title='bbox 326 3565 392 3605; x_wconf 90' lang='lat' dir='ltr'><strong>sues</strong></span> <span class='ocrx_word' id='word_1_317' title='bbox 407 3553 437 3606; x_wconf 93' lang='lat' dir='ltr'><strong>et</strong></span> <span class='ocrx_word' id='word_1_318' title='bbox 452 3564 555 3623; x_wconf 86' lang='lat' dir='ltr'><strong>canes,</strong></span> <span class='ocrx_word' id='word_1_319' title='bbox 581 3552 612 3603; x_wconf 86' lang='lat' dir='ltr'><strong>et</strong></span> <span class='ocrx_word' id='word_1_320' title='bbox 626 3546 692 3621; x_wconf 88' lang='lat' dir='ltr'><strong>quia</strong></span> <span class='ocrx_word' id='word_1_321' title='bbox 705 3566 818 3607; x_wconf 88' lang='lat' dir='ltr'><strong>carnem</strong></span> <span class='ocrx_word' id='word_1_322' title='bbox 832 3566 929 3626; x_wconf 85' lang='lat' dir='ltr'><strong>amas,</strong></span> <span class='ocrx_word' id='word_1_323' title='bbox 949 3548 1076 3607; x_wconf 73' lang='lat' dir='ltr'><strong>vidtures</strong></span> <span class='ocrx_word' id='word_1_324' title='bbox 1091 3564 1224 3625; x_wconf 88' lang='lat' dir='ltr'><strong>qnoque,</strong></span> <span class='ocrx_word' id='word_1_325' title='bbox 1243 3547 1364 3626; x_wconf 86' lang='lat' dir='ltr'><strong>aquilae,</strong></span> 
     </span>
     <span class='ocr_line' id='line_1_31' title="bbox 207 3646 1362 3741; baseline 0.001 -34"><span class='ocrx_word' id='word_1_326' title='bbox 207 3648 355 3727; x_wconf 85' lang='lat' dir='ltr'><strong>accipitres</strong></span> <span class='ocrx_word' id='word_1_327' title='bbox 379 3655 409 3707; x_wconf 86' lang='lat' dir='ltr'><strong>et</strong></span> <span class='ocrx_word' id='word_1_328' title='bbox 433 3648 569 3708; x_wconf 85' lang='lat' dir='ltr'><strong>bubones.</strong></span> <span class='ocrx_word' id='word_1_329' title='bbox 613 3647 778 3741; x_wconf 73' lang='lat' dir='ltr'><strong>[Nunquam</strong></span> <span class='ocrx_word' id='word_1_330' title='bbox 804 3668 856 3708; x_wconf 86' lang='lat' dir='ltr'><strong>nos</strong></span> <span class='ocrx_word' id='word_1_331' title='bbox 883 3650 1025 3729; x_wconf 81' lang='lat' dir='ltr'><strong>Aristippi</strong></span> <span class='ocrx_word' id='word_1_332' title='bbox 1050 3648 1203 3708; x_wconf 88' lang='lat' dir='ltr'><strong>multitudo</strong></span> <span class='ocrx_word' id='word_1_333' title='bbox 1223 3646 1362 3727; x_wconf 84' lang='lat' dir='ltr'><strong>terrebit]</strong></span> 
     </span>
     <span class='ocr_line' id='line_1_32' title="bbox 207 3750 1364 3831; baseline 0.001 -23"><span class='ocrx_word' id='word_1_334' title='bbox 207 3750 409 3826; x_wconf 84' lang='lat' dir='ltr'><strong>Quoscumque</strong></span> <span class='ocrx_word' id='word_1_335' title='bbox 424 3752 584 3827; x_wconf 83' lang='lat' dir='ltr'><strong>formosos,</strong></span> <span class='ocrx_word' id='word_1_336' title='bbox 612 3767 804 3827; x_wconf 87' lang='lat' dir='ltr'><strong>quoscumque</strong></span> <span class='ocrx_word' id='word_1_337' title='bbox 824 3750 1047 3829; x_wconf 76' lang='lat' dir='ltr'><strong>calamutratos,</strong></span> <span class='ocrx_word' id='word_1_338' title='bbox 1068 3770 1140 3828; x_wconf 86' lang='lat' dir='ltr'><strong>quos</strong></span> <span class='ocrx_word' id='word_1_339' title='bbox 1157 3750 1233 3810; x_wconf 84' lang='lat' dir='ltr'><strong>crine</strong></span> <span class='ocrx_word' id='word_1_340' title='bbox 1248 3768 1364 3831; x_wconf 88' lang='lat' dir='ltr'><strong>oompo-</strong></span> 
     </span>
     <span class='ocr_line' id='line_1_33' title="bbox 207 3850 1364 3931; baseline -0.002 -20"><span class='ocrx_word' id='word_1_341' title='bbox 207 3853 281 3931; x_wconf 89' lang='lat' dir='ltr'><strong>sito,</strong></span> <span class='ocrx_word' id='word_1_342' title='bbox 303 3871 377 3929; x_wconf 88' lang='lat' dir='ltr'><strong>quos</strong></span> <span class='ocrx_word' id='word_1_343' title='bbox 401 3852 569 3913; x_wconf 87' lang='lat' dir='ltr'><strong>rubentibus</strong></span> <span class='ocrx_word' id='word_1_344' title='bbox 589 3850 683 3910; x_wconf 89' lang='lat' dir='ltr'><strong>buccis</strong></span> <span class='ocrx_word' id='word_1_345' title='bbox 701 3852 816 3928; x_wconf 85' lang='lat' dir='ltr'><strong>videro,</strong></span> <span class='ocrx_word' id='word_1_346' title='bbox 837 3854 872 3910; x_wconf 93' lang='lat' dir='ltr'><strong>de</strong></span> <span class='ocrx_word' id='word_1_347' title='bbox 888 3858 937 3911; x_wconf 89' lang='lat' dir='ltr'><strong>tuo</strong></span> <span class='ocrx_word' id='word_1_348' title='bbox 952 3859 1082 3913; x_wconf 88' lang='lat' dir='ltr'><strong>armento</strong></span> <span class='ocrx_word' id='word_1_349' title='bbox 1102 3856 1184 3924; x_wconf 86' lang='lat' dir='ltr'><strong>sunt,</strong></span> <span class='ocrx_word' id='word_1_350' title='bbox 1208 3852 1275 3931; x_wconf 92' lang='lat' dir='ltr'><strong>[imo</strong></span> <span class='ocrx_word' id='word_1_351' title='bbox 1289 3850 1364 3911; x_wconf 90' lang='lat' dir='ltr'><strong>inter</strong></span> 
     </span>
     <span class='ocr_line' id='line_1_34' title="bbox 209 3952 1186 4061; baseline -0.003 -48"><span class='ocrx_word' id='word_1_352' title='bbox 209 3962 273 4014; x_wconf 87' lang='lat' dir='ltr'><strong>tuos</strong></span> <span class='ocrx_word' id='word_1_353' title='bbox 289 3972 355 4013; x_wconf 87' lang='lat' dir='ltr'><strong>sues</strong></span> <span class='ocrx_word' id='word_1_354' title='bbox 369 3957 534 4033; x_wconf 77' lang='lat' dir='ltr'><strong>grunniunt.</strong></span> <span class='ocrx_word' id='word_1_355' title='bbox 578 3952 622 4014; x_wconf 87' lang='lat' dir='ltr'><strong>De</strong></span> <span class='ocrx_word' id='word_1_356' title='bbox 635 3958 735 4015; x_wconf 88' lang='lat' dir='ltr'><strong>nostro</strong></span> <span class='ocrx_word' id='word_1_357' title='bbox 749 3954 847 4033; x_wconf 77' lang='lat' dir='ltr'><strong>grege]</strong></span> <span class='ocrx_word' id='word_1_358' title='bbox 862 3954 975 4061; x_wconf 59' lang='lat' dir='ltr'><strong>nistap,</strong></span> <span class='ocrx_word' id='word_1_359' title='bbox 996 3954 1114 4035; x_wconf 85' lang='lat' dir='ltr'><strong>pallidi“</strong></span> <span class='ocrx_word' id='word_1_360' title='bbox 1131 3955 1186 4011; x_wconf 86' lang='lat' dir='ltr'><strong>etc.</strong></span> 
     </span>
    </p>
   </div>
   <div class='ocr_carea' id='block_1_3' title="bbox 0 0 1730 5334">
    <p class='ocr_par' dir='ltr' id='par_1_3' title="bbox 0 0 1730 5334">
     <span class='ocr_line' id='line_1_35' title="bbox 0 0 1730 5334; baseline 0 1"><span class='ocrx_word' id='word_1_361' title='bbox 0 0 1730 5334; x_wconf 95' lang='lat' dir='ltr'><strong> </strong></span> 
     </span>
    </p>
   </div>
  </div>
 </body>
</html>
