3450 5334
307 545 589 607 commun
609 550 651 608 111
671 547 840 610 Horum
862 549 993 610 urlsn.
1013 551 1122 612 Pom.
1142 553 1219 614 nm.
1241 555 1266 614 1.
1326 548 1369 613 49

204 712 252 772 nee
262 715 387 787 omt'ttit,
405 736 501 794 quum
520 737 582 775 non
593 719 690 796 poeeit
700 717 746 777 od
756 737 907 776 concnam
922 716 1127 778 valetudinem
1133 721 1307 799 paeonio,
1324 723 1368 781 sic

205 835 259 894 ego
277 819 311 874 in
328 818 473 876 oudino-i
481 818 695 898 philocophe'ne
715 821 883 900 cognitione
901 821 1080 899 acquiesco,
1101 821 1260 901 desperem
1272 845 1368 903 prue-

204 919 304 976 eertim
329 922 394 992 oue
415 940 535 979 nummo
554 922 689 981 ectemro.
734 921 852 982 Deinde
868 923 947 982 solet
968 923 1063 983 Potite
1082 924 1220 1004 pluribus
1241 927 1368 1007 alicujus

205 1022 249 1079 rei
263 1023 415 1103 exemplis
432 1025 592 1102 proponitis
607 1025 708 1084 omnia
724 1028 810 1106 quasi
823 1027 856 1083 in
870 1045 967 1084 unum
981 1027 1153 1106 complecti,
1167 1039 1202 1087 nt
1214 1048 1245 1088 v·
1259 1029 1323 1105 823
1335 1030 1369 1108 2,

205 1120 351 1199 51-64,
379 1123 418 1199 6,
437 1123 581 1200 39-46,
612 1123 668 1203 14,
691 1124 835 1202 40-48;
863 1127 1127 1203 2,1,93-100.
1169 1133 1253 1204 Quae
1272 1150 1368 1214 quum

206 1227 247 1284 ite
258 1228 330 1302 nint,
348 1227 438 1284 focile
451 1227 644 1306 intelligitur,
665 1229 786 1290 colandi
803 1230 931 1289 verbum
948 1250 1049 1311 neque
1065 1251 1135 1290 cum
1150 1232 1313 1295 Sanedono
1328 1230 1369 1292 ad

206 1338 324 1408 tempus
347 1329 543 1409 praeteritum
564 1330 661 1410 (pour
679 1351 730 1389 me
751 1334 889 1394 coueoler
906 1330 949 1393 du
969 1342 1048 1394 tems
1066 1334 1158 1414 posui
1175 1344 1206 1394 et
1224 1356 1302 1416 pour
1317 1336 1367 1397 re-

206 1431 269 1510 gler
284 1429 420 1510 (regam)
433 1450 484 1490 mu
498 1429 640 1492 conduite
653 1431 671 1491 it
683 1429 832 1514 l’avenir),
851 1455 953 1517 neque
966 1455 1038 1494 cum
1051 1432 1221 1496 Scholiasta
1234 1436 1368 1521 quodam

206 1553 252 1613 sp.
267 1531 501 1610 ilochederum,
524 1553 616 1615 quem
629 1536 656 1594 is
670 1535 792 1614 probat,
816 1535 855 1596 ud
869 1557 918 1597 res
930 1536 1076 1596 adeam
1093 1548 1129 1598 nt
1146 1539 1272 1618 regordi
1282 1559 1312 1600 v.
1327 1539 1367 1600 ed

204 1657 363 1714 prosperae
387 1655 452 1696 eese
473 1635 674 1698 referendum.
716 1640 800 1698 Turn
820 1641 868 1699 illi
887 1639 946 1699 viri
965 1638 1047 1700 docti
1065 1660 1128 1701 non
1148 1651 1368 1723 perspexerunt

206 1739 266 1796 vim
281 1739 470 1818 pronominis
483 1737 546 1810 bio,
570 1739 651 1820 quod
668 1739 708 1800 ad
724 1761 774 1818 ea,
796 1763 874 1824 quoe
888 1763 906 1801 a
919 1763 1047 1823 persona
1061 1745 1214 1826 loquentis
1230 1744 1367 1825 proficis-

206 1853 328 1918 cuntur,
350 1843 489 1921 proxime
505 1853 635 1922 spectet,
651 1863 743 1924 quere
760 1843 792 1904 h.
806 1847 828 1904 l.
842 1844 925 1904 idem
938 1855 999 1921 est,
1015 1845 1098 1926 quod
1112 1848 1199 1917 neeis,
1214 1865 1292 1927 quse
1302 1849 1367 1925 jam

205 1963 234 2004 u.
249 1944 289 2007 12
304 1953 336 2002 et
349 1962 417 2025 sqq.
432 1942 563 2003 iudicata
580 1954 666 2020 eunt,
680 1945 742 2005 vid.
763 1947 891 2025 Gry-eor.
915 1947 1038 2006 steorte
1050 1947 1102 2006 des
1120 1947 1224 2006 Iateiu.
1244 1948 1321 2006 Stilo
1335 1968 1366 2028 p.

205 2047 255 2110 66.
270 2047 356 2106 Tum
369 2047 518 2106 incertum
532 2058 586 2122 est,
601 2057 703 2106 utrum
713 2051 823 2108 lione.
832 2050 951 2130 SSsqq.
965 2068 1070 2108 secum
1083 2050 1235 2130 loquatur,
1249 2067 1367 2108 ancum

206 2150 264 2210 aiio
278 2147 357 2230 (vid.
372 2147 455 2208 adv.
470 2147 553 2229 42),
576 2151 616 2214 oi.
630 2150 693 2210 Sat.
711 2153 739 2225 1,
754 2146 783 2224 4,
802 2147 861 2212 134
875 2169 943 2231 sqq.
960 2146 1169 2230 Ep.2,2,146
1182 2169 1249 2232 sqq.
1270 2153 1366 2210 Proe-

205 2262 283 2310 teren
306 2271 475 2332 pronomen
494 2253 557 2331 ipse
576 2262 719 2312 nontam
739 2254 911 2312 transitioni
930 2249 970 2310 ad
990 2254 1107 2312 Horatii
1125 2271 1304 2333 personam,
1331 2264 1367 2313 ut

206 2354 402 2414 Hoclrederne
418 2356 499 2429 vult,
528 2357 670 2430 inservit,
701 2375 794 2436 quam
813 2353 969 2415 modestae
997 2355 1282 2435 circumscriptioni,
1305 2373 1366 2437 qun

204 2458 294 2518 Poeta
307 2477 396 2516 suam
409 2476 442 2515 se
452 2477 541 2536 cgere
556 2477 619 2516 rem
633 2459 788 2540 profitetur
802 2459 891 2516 unice
904 2476 1037 2532 securus,
1051 2476 1127 2515 nmn
1141 2457 1196 2514 clii
1207 2457 1366 2517 meliorem

204 2559 325 2621 vivendi
340 2561 478 2640 regulum
491 2562 549 2620 eibi
560 2562 782 2642 praescribant3
798 2561 938 2620 similiter
947 2561 1045 2640 Epist.
1053 2560 1085 2634 2,
1099 2561 1152 2624 71.
1174 2561 1219 2618 lie
1233 2561 1364 2621 ionnula

205 2685 255 2744 ego
267 2683 317 2722 me
332 2665 398 2742 ipre
409 2661 472 2723 vid.
489 2663 591 2724 Klotz.
612 2663 652 2724 ad
672 2665 734 2724 cio.
747 2665 832 2722 Lcel.
851 2683 883 2743 p.
897 2662 950 2726 98.
977 2661 1135 2722 Ridiculus
1155 2674 1201 2722 est
1215 2664 1365 2724 Heimiue

205 2787 341 2848 quoque,
357 2767 409 2847 qui
424 2765 573 2825 etimne
586 2765 683 2826 alludi
694 2775 797 2825 censet
810 2763 850 2824 nd
863 2766 1247 2847 morgeiucsoPolemonim
1266 2768 1363 2827 immo

204 2869 362 2940 elementa,
383 2879 418 2928 ut
431 2869 614 2930 Graecorum
630 2874 777 2950 στοιχεῖα,
799 2865 838 2926 de
853 2886 953 2926 rerum
968 2868 1123 2947 principiis
1138 2875 1168 2925 et
1181 2868 1275 2928 initiis
1291 2872 1363 2951 qni-

205 2971 398 3052 buscunque,
425 2991 455 3031 v.
480 2974 615 3053 Lennep.
633 2971 672 3032 ad
687 2969 808 3031 Phaler.
829 2969 926 3048 Epist.
947 2965 1000 3031 40.
1023 2988 1054 3047 ρ.
1071 2967 1144 3030 169.
1161 2966 1210 3028 ed.
1228 2971 1312 3049 Lips.
1333 2981 1364 3032 et

202 3073 313 3133 lloser.
329 3071 368 3133 ad
383 3075 444 3134 Cic.
459 3073 497 3134 de
510 3079 584 3156 liep.
600 3076 630 3150 1,
642 3071 696 3138 24.
718 3075 757 3134 oi.
771 3069 882 3134 Heind.
896 3067 937 3128 ad
949 3067 1014 3128 Sat.
1028 3071 1059 3145 1,
1074 3071 1110 3146 1,
1126 3071 1179 3134 26.
1204 3071 1363 3132 Verisimi-

203 3177 261 3236 lius
276 3187 338 3252 est,
364 3177 490 3238 Po'etam
502 3176 552 3238 his
572 3197 622 3237 vv.
641 3175 681 3235 ad
694 3177 866 3238 Stoicorum
878 3164 1126 3255 conuictumue,
1153 3191 1230 3255 quos
1245 3175 1362 3235 Seneca

189 3281 300 3359 Epist.
315 3281 367 3342 72.
382 3281 575 3358 procedentes
590 3281 747 3357 nominet,
771 3277 957 3358 respexisse3
979 3271 1017 3332 de
1032 3293 1093 3355 qua
1116 3274 1241 3355 quidem
1254 3299 1287 3338 re
1303 3279 1363 3341 Se·

203 3401 278 3442 neca
296 3382 394 3460 Epist.
406 3381 449 3444 75
471 3381 647 3463 disputansz
671 3381 847 3462 Intelligee,
863 3377 979 3459 inquit,
997 3380 1073 3436 catch
1086 3398 1141 3436 noe
1154 3382 1314 3460 concoqui,
1334 3381 1364 3438 ei

203 3485 283 3542 inter
303 3485 450 3562 pecc-imon
470 3507 531 3544 nou
545 3507 659 3544 eumue.
705 3483 782 3545 Vide
803 3478 996 3561 Pflugmdtie'
1013 3479 1171 3539 Dissertat.
1191 3479 1230 3540 de
1249 3481 1362 3563 philos.

202 3589 321 3647 Horatii
335 3587 437 3647 Stoico
452 3597 508 3646 cto.
519 3609 549 3668 p.
558 3591 665 3650 XXVI.
690 3589 754 3648 Alii
767 3598 871 3646 tamen
879 3583 975 3644 Stoici
987 3583 1182 3662 integriorem
1195 3587 1361 3666 supientiae

201 3709 342 3750 normam
354 3699 530 3765 statuentes,
546 3710 659 3766 onmes,
674 3693 728 3773 qui
740 3684 983 3768 congauderent
998 3686 1132 3764 perlecta
1147 3688 1312 3766 sapientia,
1327 3689 1361 3745 in

201 3793 302 3851 eteritis
317 3802 348 3850 et
361 3794 580 3852 insanientibus
592 3794 760 3874 ponebant,
776 3789 859 3874 quod
872 3792 937 3871 ipse
951 3786 1089 3848 concedit
1102 3787 1229 3848 Seneca.
1270 3790 1360 3849 'rali-

202 3895 258 3953 bus
272 3913 319 3970 ee,
336 3914 414 3975 qnae
429 3905 607 3975 sequuntur,
619 3898 693 3955 scite
706 3883 843 3976 opposita
861 3891 959 3953 videri
970 3901 1114 3972 possunt,
1132 3908 1228 3972 quum
1243 3902 1274 3950 et
1286 3891 1360 3950 olibi

202 3997 251 4078 (ut
269 4000 302 4073 6,
325 3997 390 4078 15.)
416 3993 492 4056 haec
511 3997 682 4058 Stoicorum
703 4017 809 4058 norma
829 3999 900 4078 plns
919 4014 1017 4076 aequo
1036 3994 1155 4053 subtilis
1172 4004 1203 4053 et
1221 3993 1359 4054 sublimis

199 4101 351 4179 vituperio
364 4097 462 4159 detur.
503 4099 655 4183 Quicquid
669 4111 730 4176 est,
748 4102 873 4161 omnino
886 4096 947 4171 huc
961 4095 1039 4156 redit
1053 4094 1133 4155 illud
1150 4095 1244 4177 (cell.
1259 4095 1290 4169 6,
1307 4094 1360 4158 16.

200 4203 263 4262 cic.
277 4203 372 4262 Tusc.
385 4205 417 4278 2,
437 4203 465 4278 1,
481 4197 526 4287 1.)
568 4205 760 4283 Neoptolemi
772 4201 907 4262 Enniani
921 4199 1056 4261 dictum:
1076 4195 1360 4275 Pitioeoplrnndum

200 4315 244 4364 eet
251 4307 384 4385 Ρωιοὶε,
405 4325 480 4363 nam
490 4309 608 4366 omnnio
622 4306 710 4366 haud
717 4305 829 4385 placet.
877 4306 923 4365 ef.
938 4303 1024 4366 1.δῖ
1040 4311 1071 4360 et
1086 4295 1139 4364 41.
1264 4383 1268 4390 ⁸

236 4424 239 4440 ·
284 4409 322 4469 V.
340 4407 394 4470 28.
438 4408 512 4468 Non
519 4411 619 4488 poecis
631 4441 674 4454 -
691 4409 841 4489 lynceum
867 4409 913 4467 lie
924 4407 1052 4480 omissa,
1069 4419 1163 4483 quom
1176 4397 1226 4460 hic
1241 4401 1359 4478 volunt,

200 4527 300 4590 neque
322 4511 494 4569 necessario
514 4509 683 4591 supplenda
704 4511 852 4592 particule
871 4511 900 4570 ei
913 4506 984 4568 vide
1003 4503 1109 4568 Johnii
1131 4514 1301 4564 accuratam
1319 4501 1359 4562 cd

199 4609 281 4672 huno
295 4615 400 4674 locum
416 4616 652 4674 annotationem.
681 4611 750 4674 vid.
768 4613 847 4673 infru
862 4633 892 4673 v·
906 4611 959 4678 87.
985 4608 1035 4670 Ad
1047 4628 1112 4669 11111
1127 4607 1206 4771 20111
1217 4603 1358 4689 ΡΟΓΡῙΙΥ·

233 4709 344 4768 fleur.
362 4711 388 4766 1.
