3450 5334
253 520 316 587 105
357 517 644 583 COfflNleill
665 519 709 581 ΙΝ
728 517 899 582 nonam
918 518 993 582 LlB.
1007 522 1031 581 1.
1046 518 1172 582 EPIST.
1187 520 1299 581 SEPT.
1342 512 1407 582 377

250 706 363 769 abradi
390 708 452 772 ὗε.
477 727 521 787 pr.
541 707 631 767 Ilosc.
654 710 733 767 Com.
762 709 804 785 7,
833 708 887 773 20.
930 708 1034 769 Senes.
1056 708 1150 788 Epist.
1179 706 1251 773 114.
1279 716 1310 769 et
1333 728 1408 787 quae

253 815 321 871 snat
337 810 449 871 similia.
491 811 556 871 Huc
575 813 704 887 accedit,
722 811 801 887 quod
822 809 939 870 verbum
960 810 1089 869 adrasus
1109 830 1163 871 sua
1183 810 1369 889 ambiguitate
1391 828 1410 869 a

252 910 363 990 Poeta,
398 922 432 973 ut
452 915 582 990 videtur,
618 911 750 973 consulto
771 913 904 990 quaesita
929 914 994 973 huic
1019 913 1084 973 loco
1112 916 1255 992 quandam
1277 913 1410 973 conciliat

253 1016 449 1093 festivitatem,
471 1034 546 1093 quae
567 1032 586 1074 a
605 1015 748 1093 scriptura
768 1013 898 1073 abram
918 1014 1003 1076 abest
1023 1014 1206 1094 longissime,
1226 1021 1313 1092 atque
1334 1014 1410 1075 haud

254 1118 315 1177 scio
344 1138 383 1177 an
410 1120 486 1179 idem
509 1118 635 1177 senserit
658 1118 690 1182 Ι.
711 1118 758 1181 Η.
783 1118 908 1177 Vossius
915 1160 929 1189 ,
964 1138 1051 1197 quum
1077 1118 1172 1177 locum
1198 1120 1240 1179 ita
1266 1124 1410 1178 verteret:

254 1218 381 1299 ,stabant
393 1240 437 1297 er,
458 1227 525 1298 sagt
537 1238 617 1296 man,
636 1217 741 1297 Einen,
762 1223 816 1282 der
828 1220 1028 1299 angeschoren
1042 1222 1081 1279 im
1095 1221 1242 1300 missigen
1257 1219 1315 1302 (ll)
1328 1220 1411 1281 Daoh

255 1322 309 1380 des
333 1322 470 1381 Barbiers
499 1322 605 1381 ssss.“
661 1320 791 1383 Alteram
821 1330 918 1383 antem
951 1323 1189 1401 significationem
1220 1342 1238 1383 a
1262 1322 1411 1394 Baetem,

258 1418 456 1496 Welccndr'o,
484 1422 597 1483 Botlu'o
624 1425 858 1503 comprohatum,
891 1443 949 1503 qua
976 1425 1044 1486 adr.
1068 1433 1114 1487 est
1139 1426 1239 1485 leviter
1262 1446 1347 1485 rasus
1366 1423 1411 1484 vel

255 1531 379 1604 propter
405 1526 573 1588 novaculam
600 1526 733 1587 hebetem
754 1526 800 1587 rel
825 1533 946 1606 propter
965 1532 1114 1589 tonsorem
1140 1527 1329 1607 inaequaliter
1344 1532 1414 1586 toa·

257 1629 376 1688 dentem
397 1629 558 1687 amasus
566 1669 581 1700 ‚
612 1628 728 1690 wambe
748 1635 866 1689 recocta
883 1628 1015 1689 refellere
1039 1629 1117 1690 nolo.
1162 1629 1313 1706 Tertiam,
1343 1629 1363 1688 i.
1384 1648 1412 1689 e.

262 1730 390 1789 Gesnen'
405 1732 624 1811 explicationem
642 1728 706 1810 „ts
724 1732 788 1813 χρᾷ
806 1730 936 1813 κουρίαν
956 1750 1053 1793 mum
1070 1733 1109 1791 ad
1127 1732 1213 1793 cutim
1228 1731 1348 1809 usqne“
1368 1732 1413 1791 in-

257 1832 427 1912 telligentis,
448 1834 495 1893 cui
514 1834 628 1895 assensi
651 1842 720 1894 sunt
741 1832 939 1892 Schc'raohius
959 1832 1056 1915 (Clsr.
1076 1832 1149 1895 Hor.
1170 1853 1201 1912 p.
1224 1831 1287 1912 7.),
1315 1832 1415 1892 elm-

253 1936 429 2013 posterius,
449 1934 516 2015 alii,
536 1941 570 1997 ut
590 1936 720 2014 novator
738 1934 818 1996 illam
836 1954 891 2015 pro
915 1937 996 2016 parci
1016 1942 1047 1996 et
1067 1938 1140 1996 adeo
1162 1936 1273 1997 tenacis
1292 1934 1415 1995 hominis

259 2056 350 2117 saepe
369 2056 515 2099 nummum
533 2039 647 2099 tonsori
667 2040 738 2097 dare
756 2037 883 2098 nolentis
903 2038 1009 2099 indicio
1030 2037 1185 2115 haberent,
1208 2041 1273 2117 jure
1292 2036 1416 2115 explosit

263 2139 459 2211 Scbms'ciriss,
494 2148 528 2202 nt
556 2141 675 2202 verbum
701 2158 761 2199 non
787 2141 905 2200 addam.
962 2141 1091 2210 Quartae
1120 2146 1220 2201 auctor
1249 2138 1415 2219 perhibetur

259 2241 442 2313 Marcium,
460 2242 505 2302 coi
523 2243 654 2302 adum
673 2240 823 2302 libertinae
841 2243 1012 2303 conditionis
1031 2245 1144 2323 signum
1165 2250 1212 2302 est
1231 2242 1262 2301 in
1276 2260 1340 2301 mm
1354 2260 1416 2299 rem

261 2344 357 2404 citatis
376 2343 495 2404 Petron.
516 2345 569 2411 32.
613 2345 675 2403 Cic.
692 2362 747 2422 pro
767 2344 859 2404 Rosa.
882 2346 965 2405 Com.
987 2347 1026 2423 7,
1061 2347 1112 2412 20.
1156 2342 1250 2404 Plant.
1272 2340 1415 2423 Amphitr.

262 2450 292 2518 1,
317 2449 347 2524 1,
368 2448 458 2523 306,
480 2448 555 2507 adde
575 2443 640 2505 Liv.
661 2443 716 2522 34,
738 2446 792 2522 52,
816 2448 866 2511 12.
890 2444 943 2523 45,
965 2443 1020 2524 44,
1042 2446 1092 2510 19.
1112 2452 1144 2507 et
1157 2446 1281 2524 Rupert.
1301 2446 1339 2504 ad
1360 2442 1416 2521 24,

263 2552 315 2628 16,
336 2549 367 2610 9.
410 2550 494 2610 Hanc
514 2548 781 2628 interpretationem
797 2568 880 2609 suam
898 2550 1030 2609 iecemmt
1047 2548 1209 2623 Damae,
1231 2546 1417 2625 Rappolms,

262 2650 433 2721 Zurckbn,
467 2650 532 2709 Fra
558 2649 621 2730 (qui
640 2657 738 2711 tamen
758 2670 812 2729 pro
831 2651 900 2714 adr.
922 2652 1040 2729 scripsit
1062 2648 1223 2729 abraam),
1257 2650 1418 2709 refirtarunt

267 2756 433 2824 Gemmas,
454 2753 661 2830 Doerings'm,
685 2750 880 2824 Schmids'us,
907 2752 1046 2813 Orellias.
1088 2754 1225 2823 Quintam
1245 2753 1419 2830 excogitavit

269 2855 455 2924 Torrmtciss,
475 2856 526 2930 qui
543 2854 673 2933 scripsit:
694 2858 751 2931 „nt
762 2872 780 2912 e
793 2856 938 2915 tonstrina
951 2856 1105 2917 venmat.“
1147 2856 1219 2917 lade
1233 2854 1418 2931 Francogalli

269 2960 439 3026 Tanaum,
463 2955 635 3027 Soesodon„
660 2955 861 3032 campanos..-
884 2978 946 3033 „un
966 2958 1080 3019 homme
1101 2956 1189 3035 qn’on
1204 2956 1300 3017 vensis
1317 2960 1355 3017 de
1371 2974 1419 3015 ra-

264 3061 346 3138 ser,“
369 3060 480 3119 Dm:
502 3078 565 3133 „uu
583 3057 698 3117 homme
719 3058 789 3116 treis
809 3059 912 3135 rasd,“
933 3058 1036 3139 quibus
1047 3060 1089 3119 ita
1103 3061 1257 3119 assentitur
1273 3058 1418 3132 Orelliua,

263 3169 297 3223 ut
315 3162 385 3222 adr.
406 3179 533 3238 „recens
554 3160 674 3219 rasom“
693 3160 782 3219 dicat.
823 3159 920 3221 Nemo
938 3166 1034 3223 autern
1056 3162 1186 3242 exempla
1210 3162 1325 3239 attulit,
1354 3164 1419 3240 qui-

264 3266 320 3327 bus
339 3264 414 3324 hanc
434 3261 654 3340 explicationem
672 3260 829 3340 probaret,
849 3282 944 3339 neque
962 3265 1113 3342 quisquam
1133 3264 1269 3343 probabit
1291 3264 1324 3323 G.
1340 3266 1420 3323 Pas·

264 3369 342 3427 sosii
356 3365 637 3447 interpretationem:
658 3363 775 3441 „Eineu
789 3364 1003 3425 Geschundnen
1023 3384 1070 3425 am
1083 3364 1189 3425 liert.“
1232 3368 1320 3443 Quid,
1341 3366 1420 3443 quod

263 3476 376 3531 sextam
396 3469 478 3529 tinxit
497 3468 575 3527 idem
600 3466 751 3539 Orells'us,
773 3488 878 3545 quum,
906 3468 949 3527 nti
970 3466 1150 3547 Dortghello
1174 3466 1237 3549 (qui
1257 3468 1421 3549 simphciter

263 3570 383 3632 barbam
402 3576 434 3630 et
454 3570 575 3649 capillos
594 3566 788 3648 vultronae),
815 3588 880 3629 roc.
900 3568 1173 3649 ad1.adcapillmn
1195 3591 1309 3649 quoque
1329 3573 1421 3631 refer-

265 3681 328 3753 ret,
358 3680 390 3734 et
408 3692 469 3733 non
487 3675 573 3733 modo
595 3690 719 3749 ,serens
738 3672 915 3749 abrasum,“
943 3690 1042 3733 rerum
1063 3674 1148 3733 etiam
1163 3673 1357 3749 „attonsum“
1377 3673 1422 3731 in·

265 3778 420 3856 telligeset.
461 3774 532 3854 „De
552 3775 643 3835 barba
658 3774 772 3850 enim,“
788 3775 881 3851 iuquit
902 3772 938 3833 V.
961 3776 1009 3852 d.,
1031 3776 1141 3853 „etde
1160 3773 1294 3854 capillitio
1315 3773 1421 3833 intelli-

265 3881 393 3958 gendum
408 3884 492 3957 puto,
514 3896 550 3937 ex
568 3896 627 3955 quo
647 3875 824 3953 aliquantum
845 3880 957 3935 curtato
979 3879 1077 3938 statim
1097 3876 1292 3956 perspiciebat
1312 3875 1422 3953 Philip-

264 4002 322 4062 pos
343 3982 529 4041 adventorem
550 3998 636 4056 esse,
664 3996 724 4036 non
745 3985 893 4040 tonsorem
913 3980 1024 4058 ipsam,
1056 3996 1141 4056 quem
1161 3977 1267 4057 alloqui
1287 3980 1422 4057 dignatam

265 4086 312 4143 vix
335 4086 424 4140 esset.
467 4079 585 4141 Petron.
600 4082 669 4146 32:
691 4080 875 4141 muham
884 4081 984 4160 pallae
997 4082 1133 4139 coccineo
1146 4080 1293 4139 αᾰνιιειιπι
1307 4078 1423 4159 (recens

266 4181 376 4263 mom)
397 4182 563 4241 moueat
578 4182 705 4260 caput.“
746 4184 789 4244 Ut
803 4183 872 4244 nihil
886 4204 961 4245 nnnc
975 4185 1068 4244 dicam
1082 4186 1120 4244 de
1134 4182 1190 4242 hoc
1203 4182 1332 4242 Petronii
1346 4181 1422 4257 loco,

266 4304 325 4363 qao
349 4282 481 4341 Orellriss
499 4282 578 4343 abuti
598 4286 728 4361 videtur,
760 4284 927 4362 capillitium
947 4284 973 4342 si
992 4284 1181 4345 intellexisset
1201 4284 1304 4359 Poeta,
1321 4292 1425 4341 atton-

267 4406 336 4445 sum
356 4388 455 4464 potius
478 4387 516 4445 dc
537 4405 569 4447 re
590 4388 620 4449 in
638 4392 824 4467 conspectum
837 4386 932 4464 magis
954 4386 1075 4445 cadente
1098 4387 1225 4447 dixisset.
1267 4383 1424 4445 Praeterea

268 4488 433 4566 capillitinm
454 4487 564 4565 forcipe
583 4488 774 4566 tondebatur,
793 4506 852 4549 non
873 4488 1012 4549 novacula
1031 4488 1202 4565 radebatur,
1223 4488 1373 4563 quodnisi
1394 4488 1424 4550 in

268 4589 399 4649 homines
422 4590 561 4650 servitute
590 4592 756 4653 eximendos
776 4588 822 4648 rel
844 4594 990 4667 uenatus,
1021 4590 1119 4649 autin
1140 4596 1292 4667 austeros,
1323 4591 1425 4650 autin
