3450 5334
249 479 292 544 73
333 478 617 540 connituntur
632 478 676 540 IN
692 477 861 541 nouum
872 476 1004 543 aelst.
1022 476 1190 545 SECUND.
1211 480 1290 541 ult.
1303 483 1329 546 1.
1349 477 1413 546 179

251 647 385 710 externis
405 650 536 731 corporis
552 659 605 709 sut
616 648 744 709 internis
761 645 856 706 ammi
870 647 1001 724 laborat,
1023 667 1224 732 quaecunque
1243 647 1293 711 bis
1312 651 1413 710 sensi·

249 751 306 810 bus
329 751 525 830 objiciuntur,
553 753 685 812 colorem
714 753 914 832 corruptionis
941 748 1095 812 trabunt.“
1125 754 1205 832 Apte
1228 750 1279 812 laic
1306 751 1413 817 laudat

249 853 415 913 Lambinus
430 856 550 914 Lucret.
567 855 598 931 6,
619 855 659 919 16
678 873 719 915 st.
740 852 895 913 leuues
914 851 959 912 ibi
972 854 1083 913 vuum
1095 875 1152 913 vae
1165 855 1278 934 efficere
1297 857 1413 935 ipsam,

255 955 425 1036 Omnique
445 956 533 1017 illius
551 957 624 1016 νὶέίο
646 959 831 1035 comempier
849 958 942 1016 imae.
988 956 1067 1016 Tale
1085 967 1149 1017 erat
1166 954 1281 1018 dictum
1294 955 1412 1040 Pytha-

250 1059 402 1137 goricum
423 1063 517 1123 Σῑτον
539 1059 584 1134 εἰς
606 1050 701 1139 cipido
723 1056 764 1142 μὴ
785 1052 944 1140 ἐμβάλλειν
968 1057 1075 1139 (Orell.
1099 1060 1209 1138 Opusc.
1228 1062 1335 1120 Gracc.
1354 1071 1411 1120 etc.

249 1164 274 1221 1.
287 1181 319 1242 p,
334 1159 410 1242 62),
431 1169 462 1220 et
476 1158 555 1220 illud
570 1162 702 1243 Epicteti
716 1181 763 1242 ap.
777 1163 856 1226 Gell.
874 1162 925 1236 17,
945 1161 1012 1226 19.τ
1032 1155 1189 1244 ἄνθρωπε,
1202 1167 1265 1228 ποῦ
1275 1163 1413 1245 bailiam

249 1262 373 1344 σκέψαι,
395 1263 423 1328 el
435 1263 624 1346 αεαάθαρται
638 1260 673 1328 οδ
688 1257 818 1347 ἀγγεῖον.
834 1297 877 1310 -
889 1257 930 1344 ἢν
947 1267 1042 1351 occepi,
1061 1259 1086 1346 ἢ
1107 1258 1212 1348 οὖρον,
1234 1260 1259 1348 ἢ
1276 1263 1346 1342 ’ὄξος
1361 1264 1412 1350 γέ-

250 1387 334 1430 νοιτο
351 1360 401 1443 dv,
419 1361 442 1448 ἤ
462 1360 623 1430 τοιούτων
641 1373 751 1448 χεῖρον.
801 1367 848 1428 ct.
869 1367 986 1426 lirasm.
1006 1364 1125 1447 Adagg.
1143 1370 1172 1444 1,
1196 1371 1225 1432 1.
1246 1389 1278 1449 p.
1291 1371 1342 1433 18.
1363 1365 1412 1428 ed.

250 1470 320 1528 Bas.
338 1479 369 1528 et
389 1471 423 1528 in
441 1472 623 1529 sententiam
645 1465 800 1530 Plutarch.
822 1467 860 1529 de
884 1471 959 1530 vin.
978 1478 1009 1528 et
1025 1471 1106 1530 Vitio
1126 1472 1176 1530 Vl.
1193 1491 1225 1551 p.
1240 1473 1315 1537 381.
1337 1469 1413 1532 mk.

250 1571 295 1630 De
315 1573 408 1632 simili
426 1573 601 1653 proverbio:
626 1573 784 1632 Serenum
803 1593 859 1632 vna
880 1572 1047 1630 immun
1064 1570 1126 1638 rid.
1141 1575 1271 1656 interpp.
1290 1574 1330 1634 ed
1348 1575 1412 1637 Sat.

253 1675 283 1748 1,
296 1673 327 1750 3,
346 1675 398 1738 66.
415 1677 493 1734 Rem
507 1676 607 1758 ipsam
626 1674 687 1737 vid.
706 1693 754 1757 ap.
777 1675 843 1734 Cat.
859 1676 897 1735 R.
911 1677 948 1735 tt
962 1675 1024 1739 107
1025 1715 1035 1735 .
1078 1676 1126 1736 ef.
1143 1679 1237 1742 Vaen.
1260 1679 1412 1738 Emblem.

251 1778 356 1836 Horat.
369 1798 400 1857 p·
414 1776 468 1841 86.

335 1881 371 1939 V.
388 1877 439 1942 55.
461 1881 630 1960 Sperne-
640 1877 790 1959 voluptas.
820 1869 822 1872 ⁵
843 1880 986 1940 Horatius
1003 1876 1076 1940 h.l.
1098 1898 1293 1942 communem
1309 1881 1414 1966 philo·

251 1977 417 2060 sophorum
432 1984 582 2061 expressit
594 1987 784 2058 sententiam,
804 1983 848 2042 ita
862 1993 975 2058 tamen,
996 1992 1032 2041 ut
1045 1981 1155 2042 additis
1169 1986 1294 2046 vocibus
1312 1998 1414 2067 empto

251 2083 351 2142 dolore
364 2085 532 2144 accuratius
548 2082 685 2144 definiret
699 2095 839 2144 neutram
854 2082 1032 2145 inhonestae
1047 2085 1221 2165 voluptatis,
1242 2107 1319 2169 quae
1337 2111 1414 2150 con-

247 2187 385 2263 junctam
396 2184 489 2246 habet
502 2187 682 2246 molestiam.
717 2188 770 2248 Sic
784 2185 965 2268 Xenophon.
979 2189 1070 2269 Apol.
1087 2187 1202 2248 socrat.
1220 2191 1271 2252 19.
1291 2189 1414 2275 πονηροὶ

249 2282 361 2369 ἡδονή.
404 2289 451 2350 cf.
472 2289 553 2348 Cort.
578 2287 617 2348 ad
641 2291 703 2350 (lic.
722 2293 819 2371 Epist.
843 2287 883 2348 ad
900 2289 970 2349 niv.
994 2291 1024 2366 1,
1042 2295 1073 2367 9,
1096 2293 1128 2354 7.
1149 2293 1342 2353 Democrates
1363 2315 1412 2376 ap.

250 2392 342 2452 Orell.
360 2395 386 2452 l.
411 2413 443 2474 p.
467 2389 519 2456 84.
541 2394 596 2454 Νο.
618 2395 689 2457 363
709 2390 834 2457 ‘Hdovcd
853 2388 976 2474 deusone
998 2391 1150 2458 τίκτουσιν
1170 2385 1288 2474 indiae.
1316 2397 1414 2458 Solon

250 2492 325 2554 ibid.
339 2517 371 2576 p.
387 2493 460 2560 140.
473 2498 529 2554 Νο.
542 2497 573 2556 9.
589 2491 722 2577 Ἡδονήν
736 2499 845 2579 φεῦγε·
869 2489 946 2575 αὕτη
961 2490 1019 2577 yde
1036 2488 1138 2576 λύπην
1156 2497 1258 2560 τίκτει.
1282 2499 1413 2558 blenau-

251 2597 306 2658 der
316 2620 347 2680 p.
362 2598 436 2662 319.
451 2596 500 2658 ed.
511 2595 645 2658 Meinek.
665 2592 713 2676 Ἐξ
726 2596 843 2680 ἡδονῆς
854 2593 912 2682 ylo
927 2591 1038 2677 uticem
1055 2593 1090 2662 eo*
1103 2598 1271 2680 δυστοκεῖν.
1293 2622 1325 2681 p.
1336 2599 1413 2666 884.

252 2697 346 2786 Φεῦγ’
361 2697 481 2784 ἡδονήν
498 2699 653 2784 φέρουσαν
665 2696 792 2783 ὕστερον
810 2694 941 2784 βλάβην.
960 2721 994 2781 p·
1006 2701 1081 2765 321.
1100 2697 1140 2762 Ἡ
1150 2696 1208 2784 γὰρ
1223 2697 1414 2788 παράκαιρος

249 2802 348 2888 ἡδονή
365 2807 455 2888 aleres
476 2798 605 2885 βλάβην.
625 2805 789 2863 Lambinus
804 2804 906 2862 minus
925 2812 1006 2860 recte
1020 2821 1090 2860 cum
1102 2799 1161 2861 boc
1173 2805 1242 2864 loco
1258 2817 1413 2887 comparat

251 2907 366 2969 dicam
378 2907 515 2968 Platonis
532 2901 661 2984 (Phaed.
676 2925 707 2984 p.
718 2899 771 2966 44.
786 2903 859 2967 132.
874 2901 923 2961 ed.
936 2902 1096 2983 Wyttenb.
1106 2903 1214 2985 lips),
1236 2924 1296 2986 quo
1307 2907 1412 2988 philo-

249 3007 365 3090 sophua
386 3007 574 3087 voluptatem
598 3026 634 3065 ao
657 3004 794 3065 dolorem
811 3015 919 3063 natura
941 3024 996 3064 sua
1020 3005 1153 3064 invicem
1177 3004 1337 3069 cohaerere
1355 3009 1413 3071 de·

249 3119 408 3171 monstrat.
450 3107 528 3170 Vide
544 3108 589 3168 ibi
599 3102 827 3189 Wyttenbecb,
851 3109 905 3190 qui
916 3108 1019 3188 plures
1037 3108 1111 3166 alios
1126 3105 1241 3185 laudat,
1262 3111 1340 3171 bene
1359 3133 1412 3173 cs-

250 3234 335 3289 vens,
356 3231 395 3272 ne
410 3215 477 3294 quis
491 3211 692 3272 Horatianum
705 3208 809 3269 locum
824 3229 864 3268 ex
879 3210 1014 3269 Platonis
1029 3205 1110 3270 dicto
1126 3229 1305 3291 expressum
1314 3227 1410 3297 putet.

150 3381 156 3396 .
248 3318 388 3378 Fortasse
401 3316 542 3375 Horatius
554 3309 587 3373 h.
599 3314 622 3372 l.
636 3331 698 3371 non
708 3313 870 3373 immemor
881 3314 940 3372 fuit
950 3313 1106 3393 Aristippi,
1126 3315 1179 3396 qui
1191 3316 1302 3396 pariter
1320 3328 1411 3401 atque

250 3419 400 3500 Epicurus
411 3428 554 3478 nocentes
567 3415 736 3497 voluptates
751 3413 912 3495 fugiendas
920 3434 991 3474 esse
1008 3414 1143 3476 docebat.
1186 3416 1263 3479 Vide
1283 3421 1321 3479 ds
1332 3421 1413 3501 Epi·

251 3519 572 3599 accomm‘eoluptae
582 3538 685 3580 senua
699 3517 783 3578 Sam.
798 3517 890 3577 Petiti
904 3519 990 3578 blisc.
1009 3515 1040 3595 4,
1056 3521 1088 3584 6.
1105 3541 1138 3600 p.
1154 3522 1209 3586 28.
1251 3523 1287 3583 si
1301 3525 1412 3586 nim.

250 3645 362 3708 nymus
375 3623 398 3683 l.
413 3642 504 3703 supra
516 3624 538 3682 l.
556 3619 699 3703 adrepens
714 3620 912 3682 savinianum
923 3617 1006 3680 bunc
1017 3623 1121 3682 locum
1134 3622 1231 3700 effert,
1254 3629 1411 3708 explicam

250 3749 306 3790 suo
327 3742 428 3787 more:
451 3725 562 3786 Irridst
581 3724 732 3783 Hereum
748 3725 916 3802 appetitum
934 3722 1082 3795 cedronem,
1107 3727 1163 3805 qui
1182 3729 1298 3807 sumpti
1316 3729 1411 3789 relin-

250 3842 348 3912 quunt
363 3828 594 3909 poesitmts'ezm:
617 3827 718 3886 dicens
739 3826 853 3905 Sperne
871 3836 945 3904 οἱα,
966 3824 1051 3887 baud
1070 3828 1143 3906 scio,
1164 3849 1204 3888 an
1221 3833 1319 3910 magis
1336 3834 1410 3894 lior.

250 3931 290 3992 ad
313 3930 504 4014 Pythagorae
527 3926 605 3990 illud
633 3926 671 3988 de
695 3931 852 4011 voluptate
873 3950 1003 3990 venerea
1029 3933 1197 4012 respexerit
1217 3943 1411 4014 praeceptum

250 4033 303 4112 (de
319 4053 379 4116 quo
395 4032 457 4093 vid.
476 4034 566 4112 Diog.
582 4035 683 4093 bairt.
697 4033 728 4109 8,
747 4034 776 4109 1,
792 4033 823 4095 9.
844 4033 885 4092 ol.
897 4031 1038 4115 Xenoph.
1059 4035 1152 4093 Mem.
1167 4035 1196 4110 1,
1211 4034 1243 4111 8,
1260 4033 1338 4113 ts),
1359 4035 1410 4098 vel

252 4135 292 4195 ad
304 4134 382 4195 illud
401 4137 465 4197 Sat.
493 4137 523 4212 1,
538 4137 569 4212 2,
588 4135 643 4199 89.
685 4138 726 4195 Et
746 4136 814 4218 quis
836 4146 891 4212 est,
912 4139 966 4219 qui
980 4135 1032 4196 bic
1048 4156 1111 4198 non
1132 4135 1305 4198 recordetur
1323 4140 1409 4218 mali,

251 4238 335 4322 quod
349 4237 491 4298 sectando
509 4240 697 4319 voluptatem
717 4238 775 4298 sibi
790 4239 904 4298 inflixit
922 4237 1031 4299 Paris?
1053 4242 1159 4299 Nonne
1172 4241 1200 4299 is
1213 4237 1339 4302 libidine
1354 4260 1409 4302 sua

251 4361 341 4422 saepe
359 4338 468 4400 dicitur
482 4342 628 4402 excitasse
645 4341 762 4400 bellum
776 4339 967 4420 Trojanum‘l
989 4344 1072 4400 llaec
1091 4342 1156 4400 fere
1173 4352 1245 4401 sunt
1263 4343 1410 4406 (Ιοαιηοοο

257 4445 357 4503 Venus
373 4445 472 4523 Epist·
494 4444 545 4519 18,
563 4447 615 4508 21.
639 4444 828 4504 etdamncea
848 4442 954 4504 libido.
979 4445 1119 4526 rspice,
1142 4445 1171 4520 1,
1194 4445 1276 4521 106,
1298 4447 1409 4526 imper-

252 4549 344 4606 miaco
362 4545 493 4628 gaudia.
518 4545 574 4605 od.
595 4545 626 4623 3,
652 4548 682 4625 6,
702 4551 755 4614 27.
797 4548 940 4623 Quinimo
965 4549 1067 4632 ipsum
1084 4545 1202 4609 Paridis
1221 4545 1370 4627 judicium
1389 4571 1408 4610 a
