3450 5334
203 557 265 625 125
307 548 594 617 commen
613 549 659 611 IN
678 546 853 609 nomn
874 544 947 609 LIB·
962 546 986 607 1.
999 542 1124 608 EPIST.
1138 544 1250 608 SEPT.
1293 540 1358 607 097

201 742 279 824 quid
298 738 389 799 illrum
410 739 552 797 mirorem
569 754 728 795 memorem
748 737 804 817 qui
817 732 912 814 suit?
946 732 1041 793 Nemo
1061 744 1090 791 et
1108 731 1199 791 illum
1217 734 1360 792 me'emuem

202 856 232 905 et
256 863 304 901 me
326 843 468 901 mrem
487 849 532 897 eet
551 840 742 899 mminore'er.
782 837 972 897 Imitationem
996 842 1075 896 reote
1101 842 1191 915 neget
1213 834 1355 895 Orelliies.

202 949 389 1025 Quapropter
411 944 450 1002 de
477 941 599 1001 IIoretio
625 942 768 1001 imitatore
793 940 898 999 iterum
931 940 1089 1017 iterumque
1114 938 1288 1001 monendum
1313 944 1360 999 est

202 1049 281 1127 quod
304 1046 400 1105 sobrie
418 1044 559 1124 praecipit
575 1041 816 1122 wyttenbachius
830 1042 870 1100 ed
883 1040 959 1101 Plet.
975 1040 1082 1101 Phsed.
1100 1062 1131 1121 p.
1148 1043 1234 1109 132:
1261 1039 1359 1117 „Om-

203 1150 252 1209 uis
271 1149 327 1207 slis
351 1149 426 1206 iuter
450 1164 483 1204 se
509 1148 641 1206 conferre
662 1144 781 1223 similia,
818 1143 958 1222 elegantis
980 1151 1027 1203 est
1052 1144 1189 1221 rationis,
1224 1142 1360 1201 contiuuo

202 1248 387 1329 pronuntiare
401 1248 537 1309 imitando
559 1248 695 1326 formate,
710 1264 802 1306 venae
816 1245 1019 1307 temeritatis.“
1060 1246 1195 1305 ceterum
1208 1251 1241 1305 ut
1255 1244 1361 1305 Graeci

202 1350 365 1432 (Plutarch.
394 1350 516 1411 Consul.
536 1352 574 1410 ed
602 1370 684 1412 uxor.
704 1348 781 1409 VIII.
810 1368 841 1428 p.
863 1346 940 1411 400.
969 1342 1003 1411 eei
1026 1344 1082 1411 σᾶν
1103 1341 1200 1429 ὄνομα
1220 1343 1362 1425 θέσθαι),

203 1458 245 1515 ita
259 1454 357 1514 Lufiui
374 1469 487 1530 ponere
504 1472 620 1515 nomen.
662 1452 727 1513 Vud.
748 1450 870 1511 Possov.
891 1450 930 1509 ed
948 1450 1012 1511 Sar„
1036 1453 1076 1527 1,
1096 1452 1138 1529 3,
1162 1448 1215 1517 42.
1257 1448 1359 1511 Heius.

204 1558 243 1617 od
263 1556 351 1615 Ouid.
372 1552 456 1614 Fost.
476 1554 508 1632 5,
526 1554 579 1619 73.
621 1554 721 1615 Kirhn.
739 1553 883 1615 etKlotu.
904 1553 942 1611 ed
959 1552 1021 1613 cuc.
1038 1550 1128 1613 Tuso.
1142 1552 1175 1629 3,
1197 1553 1229 1629 5,
1252 1550 1302 1616 10.
1317 1582 1362 1597 -·

204 1659 244 1719 V.
263 1654 316 1719 94.
339 1656 391 1720 95.
439 1654 530 1733 Quod
548 1664 577 1713 te
593 1662 651 1715 etc.
694 1654 728 1714 Iu
744 1653 798 1715 huc
812 1655 927 1733 jurandi
945 1654 1067 1715 formula
1087 1662 1117 1715 et
1137 1656 1238 1715 eximis
1254 1654 1362 1713 ssuoti·

205 1771 253 1823 tes
271 1768 302 1820 et
318 1759 462 1835 demisso,
488 1774 564 1835 quse
584 1758 614 1815 iu
630 1756 765 1837 purvulos
782 1756 902 1817 clientes
919 1758 1068 1835 convenit,
1095 1757 1238 1817 humilitas
1260 1756 1363 1817 obser·

208 1865 301 1924 rende
320 1871 385 1935 est3
411 1859 529 1941 proprie
549 1860 625 1919 enirn
645 1860 721 1919 servi
734 1858 870 1938 jurabunt
886 1878 939 1939 per
959 1862 1075 1939 genium
1095 1860 1273 1919 domiuomm
1292 1858 1363 1937 (Se-

207 1986 272 2028 uer.
286 1965 381 2045 Epist.
400 1966 451 2029 12.
483 1961 616 2041 Propert.
635 1962 668 2040 4,
689 1965 721 2041 8,
741 1959 794 2025 69.
828 1960 930 2021 Heius.
947 1962 985 2021 ed
1002 1961 1120 2022 Petrou.
1140 1962 1193 2027 28.
1213 1980 1245 2039 p.
1264 1956 1363 2035 100.),

208 2070 263 2129 sed
283 2074 314 2127 et
334 2066 382 2127 ini
403 2064 541 2144 imprimis
557 2065 687 2125 homiues
704 2081 803 2123 umore
823 2061 879 2122 sibi
897 2064 1040 2140 devincti,
1075 2071 1109 2123 ut
1126 2060 1248 2124 Terent.
1270 2058 1362 2119 Andr.

210 2174 241 2247 1,
261 2154 294 2247 5,
314 2167 368 2233 54.
401 2166 531 2245 Quodis
545 2186 599 2247 ego
613 2166 819 2246 perdentem
834 2164 916 2224 hano
931 2186 981 2225 om
999 2176 1028 2223 et
1041 2186 1098 2244 per
1117 2166 1248 2225 Genium
1266 2174 1362 2222 mum.

208 2272 279 2335 Tib.
300 2268 338 2348 4,
363 2270 403 2348 6,
432 2270 464 2332 8.
507 2270 628 2349 Perque
645 2279 713 2328 tuos
736 2267 839 2327 oeulos
859 2288 916 2347 per
937 2269 1128 2349 Geniumque
1145 2286 1229 2347 rogo.
1273 2264 1363 2327 Cous.

209 2374 305 2437 Pluut.
323 2371 440 2450 eaptiv-
462 2369 502 2448 5,
523 2374 564 2451 2,
585 2369 638 2437 24.
658 2405 703 2422 ··-
722 2371 917 2452 dextramque
932 2371 979 2454 (ut
998 2372 1069 2433 fidei
1089 2366 1272 2451 symbolum).
1314 2366 1364 2427 sir

208 2476 291 2553 Virg.
306 2473 381 2533 Aen.
396 2471 430 2550 4,
449 2469 523 2538 314.
565 2476 630 2535 Per
648 2495 703 2555 ego
722 2472 781 2535 leae
797 2474 942 2535 lacmm
958 2474 1152 2552 dorsumque
1171 2483 1257 2531 tuom
1277 2480 1306 2528 te
1320 2498 1366 2515 ·-

209 2579 284 2641 Ibid.
298 2580 333 2655 7,
346 2571 420 2643 234.
464 2575 526 2635 cuc.
539 2595 586 2655 pr.
599 2574 699 2655 Dejot.
713 2576 747 2639 9.
789 2579 854 2638 Per
872 2578 1008 2637 &stram
1027 2586 1055 2633 te
1075 2578 1166 2633 estam
1186 2594 1251 2645 oro,
1272 2590 1366 2653 quam

209 2682 277 2761 regi
295 2682 441 2753 Dejotero
464 2675 578 2755 hospiti
591 2681 763 2756 promisti.
805 2680 853 2741 cf.
875 2680 959 2740 Cort.
974 2681 1012 2739 ad
1029 2680 1100 2741 Sall.
1114 2680 1183 2756 Jug·
1204 2676 1257 2753 10,
1275 2675 1307 2739 3.
1323 2708 1366 2721 -

211 2785 340 2863 deosque
359 2779 487 2841 Penatis
513 2778 562 2857 (ut
585 2782 795 2841 emetissimum
819 2781 928 2842 tutelae
948 2778 1092 2859 siguum),
1128 2778 1192 2839 CIo.
1219 2776 1310 2837 Acsd.
1333 2779 1367 2855 2,

211 2888 269 2963 20,
286 2882 339 2947 66.
351 2886 493 2955 furerem
507 2898 567 2957 per
584 2880 690 2939 Iovem
708 2880 837 2961 deosque
853 2883 995 2942 Perieras.
1040 2880 1154 2941 Similes
1170 2880 1286 2961 jurandi
1304 2880 1367 2941 sor·

212 2986 304 3055 mulos
332 2986 390 3047 vid.
416 3002 466 3063 ep.
492 2982 623 3043 Brissou.
651 2984 689 3043 de
712 2984 811 3049 Fortu.
833 2988 874 3065 8,
901 2980 1030 3050 1-19.
1053 2990 1085 3043 et
1109 2984 1184 3047 conf.
1205 2984 1369 3063 Harmngi

212 3088 333 3168 „Itelig.
355 3087 409 3148 der
426 3084 561 3149 nomem
579 3084 605 3145 I.
626 3104 657 3163 p.
677 3086 731 3149 87.
774 3086 866 3166 salig.
888 3088 926 3149 ad
945 3086 1026 3166 Virg.
1049 3086 1110 3147 eir.
1130 3088 1205 3154 272.
1229 3083 1368 3149 Sohmict.

212 3192 251 3251 od
271 3190 303 3257 h.
323 3188 360 3249 1.’
385 3188 474 3249 Errat
493 3195 591 3251 eutem
618 3188 770 3268 (bequies
778 3230 791 3261 ,
818 3208 907 3268 quum
924 3189 993 3250 illud
1016 3188 1106 3267 Quod
1121 3187 1369 3268 interpretandum

214 3297 315 3355 censet
336 3308 455 3369 „quem
468 3310 547 3369 rem,
578 3292 657 3371 quod
677 3289 865 3369 beneficium,
898 3294 1028 3353 nimirum
1047 3300 1081 3353 ut
1100 3312 1147 3353 me
1164 3292 1272 3352 reddas
1292 3292 1369 3351 vites

213 3393 338 3477 priorI.“
377 3392 435 3455 Est
455 3395 531 3453 enim
549 3392 698 3455 relativum
716 3394 873 3472 infinitum,
903 3403 937 3456 ut
956 3394 1019 3455 sere
1038 3396 1130 3473 Idem,
1154 3395 1369 3473 quodpropter

215 3498 301 3578 quod
319 3495 368 3576 (ut
387 3497 565 3556 Graecorum
593 3492 629 3573 ii,
664 3498 702 3557 de
728 3516 786 3574 quo
807 3498 865 3562 vid.
884 3496 1040 3557 Hermann.
1065 3498 1104 3557 ed
1123 3497 1221 3576 Vigor.
1240 3516 1271 3577 p.
1294 3496 1369 3559 700.

215 3608 277 3659 not.
293 3594 340 3677 4.)
357 3604 388 3657 et
401 3596 439 3656 ob
460 3616 524 3657 eam
539 3616 654 3659 musam
669 3599 804 3660 formulis
819 3602 934 3680 jurandi
948 3620 1036 3681 saepe
1049 3602 1258 3680 praemittetur.
1286 3596 1369 3659 flauo

215 3701 421 3779 interpretandi
440 3702 580 3761 rationem
598 3702 699 3761 duram
713 3703 801 3763 videri
816 3703 998 3762 Ruhnkem'o
1015 3704 1052 3762 sd
1064 3702 1092 3762 T
1093 3710 1185 3765 erent.
1202 3705 1232 3779 1,
1252 3702 1284 3777 5,
1301 3695 1366 3777 04,

215 3802 265 3864 ubi
281 3796 398 3861 mavult
409 3803 461 3879 „iu
480 3822 550 3879 quo,
572 3802 602 3861 in
622 3822 680 3883 qua
693 3805 762 3881 re,“
778 3824 850 3865 seue
868 3808 964 3866 miror.
1005 3808 1079 3867 Rem
1098 3808 1191 3886 ipsam
1210 3812 1240 3864 et
1259 3802 1370 3861 ratione

216 3912 248 3965 et
264 3903 401 3982 exemplis
422 3906 581 3967 enodarunt
598 3904 772 3965 &inedies
787 3908 825 3966 ud
840 3907 869 3965 h.
886 3907 906 3966 1.
926 3917 956 3970 et
972 3908 1126 3989 Fbrbigem
1148 3909 1186 3967 ed
1200 3906 1279 3985 virg.
1295 3904 1368 3963 Aen.

216 4011 257 4084 2,
288 4006 361 4071 141.
402 4008 501 4076 Quare
521 4006 627 4067 obeant
642 3988 709 4085 ilui,
728 4008 770 4069 uti
794 4009 941 4071 Vataroo
961 4032 991 4091 p.
1013 4010 1106 4089 346,
1126 4010 1371 4093 pmeposiiionem

213 4119 338 4188 propter
357 4107 546 4188 supplendam
565 4111 673 4169 dicunt.

301 4211 336 4271 V.
360 4211 510 4276 96-98.
558 4212 620 4289 Qui
639 4212 731 4271 semel
749 4243 791 4260 -
812 4226 864 4280 est.
906 4215 1082 4275 Sententiam
1103 4214 1176 4275 hauc
1195 4228 1371 4273 communem

217 4316 254 4377 eb
282 4317 347 4394 ipso
365 4314 488 4377 Horatio
516 4313 683 4393 ἐπιμυθίου
709 4314 774 4375 Ioco
802 4318 964 4396 adjectam,
994 4338 1053 4378 uon
1075 4336 1094 4376 a
1113 4315 1247 4395 Philippo
1267 4314 1372 4373 Mense

217 4418 365 4497 praecepti
385 4419 476 4479 instar
496 4418 610 4493 datum,
642 4418 713 4477 mire
736 4422 847 4480 vexavit
875 4420 950 4479 salso
970 4421 1111 4498 scriptura
1131 4416 1233 4477 smol.
1279 4417 1374 4487 Quem

218 4522 267 4598 qui
291 4520 429 4597 reflerent,
449 4525 598 4598 postrema
615 4520 703 4579 verbe
723 4522 785 4583 iere
804 4540 823 4580 o
842 4520 974 4601 Philippo
996 4520 1099 4581 Menae
1120 4522 1205 4599 idque
1227 4519 1264 4581 de
1277 4518 1373 4577 Lorn-

145 4659 160 4690 .
218 4622 284 4682 bini
305 4623 449 4685 sententis
469 4622 509 4683 ito
529 4628 632 4704 pisunt
652 4623 729 4685 dieto
749 4642 830 4685 esse:
866 4626 972 4702 „Qui,
1003 4623 1168 4705 Philippus,
1205 4620 1374 4701 simmstque
