3450 5334
325 511 369 574 85
432 513 709 574 ΟΟΜΜΕΝΤΔΜΙ
730 513 771 568 ΙΝ
793 509 958 568 flottam
983 509 1110 568 EPIST.
1133 507 1239 566 Plth.
1263 509 1337 566 ΗΒ.
1361 512 1384 567 1.

326 703 449 743 suanam
469 692 608 755 tenaoes,
641 679 682 738 ol.
705 677 828 740 Weber.
849 676 888 736 ad
913 681 985 739 Juv.
1005 699 1036 758 Ρ.
1056 677 1129 740 198.
1150 679 1196 735 Da
1217 681 1339 749 crustis,
1355 679 1490 760 quodam

326 785 463 845 dulciarii
479 785 577 864 operis
592 801 702 862 genere
717 779 780 839 vid.
799 781 900 860 Wolf
922 792 951 839 et
964 779 1122 838 Kirclzner.
1140 778 1179 837 ad
1195 779 1260 838 Sat.
1281 783 1313 854 1,
1335 783 1370 855 1,
1388 783 1442 845 25.
1458 793 1490 840 et

328 889 411 948 Sem.
430 886 471 947 ad
484 889 566 964 Virg.
583 889 660 944 Aen.
672 888 711 959 ’1,
738 884 809 946 115.
838 885 937 942 Poma
946 925 956 953 ,
983 901 1111 964 quorum
1126 883 1304 962 significatio
1322 884 1384 940 late
1405 894 1491 962 patet

327 989 668 1072 (anomoeorum,
690 985 740 1049 15.
763 984 874 1044 Athen.
893 988 1002 1064 Deipn.
1017 987 1054 1057 8,
1078 986 1148 1047 6.1.
1166 1007 1197 1064 Ρ.
1215 985 1290 1048 816.
1313 983 1489 1064 Schweigh.

326 1104 357 1152 et
371 1097 459 1152 Hess.
476 1091 516 1150 ad
533 1091 609 1148 Tao.
626 1090 728 1147 Germ.
747 1091 807 1164 23,
825 1088 872 1166 2.)
892 1089 1010 1166 insigne
1033 1097 1116 1145 erant
1136 1090 1247 1146 amoris
1261 1089 1401 1166 signum,
1424 1088 1489 1148 vid.

325 1199 430 1256 Burm.
446 1193 486 1252 ad
501 1189 620 1252 Lotioh.
634 1213 666 1271 p.
677 1189 753 1254 338.
775 1192 861 1250 Voss.
884 1189 924 1249 ad
941 1193 1021 1269 Virg.
1039 1192 1105 1248 Eol.
1120 1190 1156 1266 3,
1176 1193 1228 1254 65.
1243 1201 1273 1248 et
1289 1209 1366 1270 quos
1383 1189 1490 1249 laudat

326 1296 432 1357 Jaoob.
465 1294 505 1355 ad
520 1295 647 1353 Luciau.
667 1294 782 1350 Toxar.
816 1294 866 1355 18.
885 1312 916 1372 Ρ.
937 1295 1006 1366 66.;
1030 1302 1212 1373 quapropter
1232 1293 1350 1370 opinari
1372 1313 1489 1370 posses,

326 1397 517 1478 heredipetas
535 1395 635 1455 viduis
657 1397 723 1454 istis
742 1398 784 1453 rei
799 1398 952 1455 Venereae
968 1415 1054 1474 spem
1066 1399 1209 1470 movisse,
1231 1397 1290 1453 nisi
1307 1395 1422 1454 obstare
1438 1397 1490 1452 vi·

327 1503 448 1562 deretur
465 1502 574 1560 similis
590 1500 654 1558 Sat.
672 1499 704 1572 2,
720 1496 750 1570 5,
769 1498 820 1559 11.
834 1497 930 1555 locus.
973 1500 1154 1579 Quanquam
1171 1498 1299 1556 verbum
1317 1500 1432 1568 versari,
1454 1509 1489 1554 ut

325 1607 486 1686 θηρᾶαθαι
500 1602 618 1682 (Burm.
633 1598 674 1659 ad
690 1597 784 1658 Anth.
798 1601 850 1657 lat.
867 1603 892 1657 1.
910 1619 942 1679 Ρ.
956 1599 1040 1674 890,
1063 1597 1202 1658 Schwab.
1221 1598 1260 1658 ad
1272 1597 1402 1657 Phaedr.
1411 1595 1441 1674 4,
1456 1598 1489 1675 5,

326 1703 386 1787 (4,)
408 1701 440 1768 4.
460 1715 491 1762 et
503 1706 581 1762 Dan.
595 1705 709 1762 Pareus
724 1701 764 1761 ad
776 1704 855 1760 nus.
871 1705 1074 1781 Erotopaega.
1096 1706 1166 1760 Her.
1180 1713 1211 1762 et
1223 1700 1339 1760 Leand.
1353 1722 1383 1759 v.
1400 1699 1488 1782 149.)

326 1810 378 1869 isti
394 1808 591 1888 explicationi
607 1807 685 1865 bene
699 1807 850 1877 convenit,
874 1802 906 1862 h.
923 1807 945 1862 l.
959 1814 1061 1862 tamen
1076 1815 1105 1863 et
1120 1825 1207 1865 suam
1221 1803 1312 1864 habet
1328 1803 1490 1882 captandi,

327 1911 449 1990 loqueos
467 1909 628 1980 tendendi,
648 1905 818 1966 animandi
829 1907 1096 1986 significationem,
1130 1906 1213 1987 quod
1227 1907 1362 1986 pluribus
1381 1925 1490 1964 exem-

325 2016 385 2096 plis
400 2023 430 2072 et
444 2015 559 2091 graecis
579 2021 610 2069 et
624 2012 728 2069 latinis
740 2012 930 2068 illustrarunt
944 2009 1189 2066 Hematerliuaiue
1203 2009 1241 2066 ad
1254 2012 1380 2068 huoian.
1394 2010 1490 2066 Diali.

326 2119 416 2176 Mort.
435 2116 467 2177 8.
489 2117 527 2172 11.
553 2135 584 2195 Ρ.
607 2111 683 2176 489.
712 2115 781 2192 Bip.
799 2124 829 2171 et
855 2110 987 2170 Jaoobue
1011 2111 1049 2169 ad
1070 2114 1190 2183 Quaest.
1211 2115 1337 2170 Lucien-
1353 2111 1392 2170 ad
1411 2113 1488 2170 cato.

327 2220 409 2277 Tox.
423 2238 455 2296 Ρ.
468 2217 517 2290 4.,
539 2236 669 2297 quorum
687 2216 741 2274 ille
757 2214 861 2290 affert,
878 2217 931 2296 qui
944 2216 1078 2272 maxime
1093 2211 1153 2272 huo
1166 2216 1253 2290 facit,
1269 2217 1444 2294 Longinum
1457 2236 1489 2294 Ρ.

327 2313 401 2384 240.
416 2317 574 2378 emoti:
592 2311 757 2395 ἆλλοτρίων
765 2321 864 2396 θῆραι
873 2320 1020 2378 θανάτων
1033 2315 1084 2377 καὶ
1101 2315 1217 2400 ἕνεὸραι
1235 2321 1403 2396 όιαθηκαῐν.
1426 2319 1490 2376 Eo-

328 2421 400 2480 dem
413 2441 505 2480 sensu
516 2423 605 2480 naa.
611 2417 642 2496 4,
659 2419 710 2495 56,
723 2419 755 2482 5.
780 2421 834 2478 Sic
846 2417 1061 2496 avdusallax
1069 2419 1487 2499 irodrolgetpiscihueliamua:
1525 2465 1528 2470 .

332 2524 455 2584 Callida
469 2525 514 2582 eie
526 2521 637 2581 attaliae
650 2519 762 2600 deapit
771 2521 940 2599 eoeaseroe.
963 2522 1113 2593 vossium,
1137 2519 1219 2600 quod
1233 2541 1262 2580 v.
1279 2525 1332 2586 79.
1347 2527 1488 2582 verterit:

328 2627 426 2703 „dem
439 2621 600 2705 hegenden
613 2617 713 2681 Parke
729 2641 799 2679 zum
814 2619 996 2700 Wildpret“
1019 2621 1211 2702 reprehendit
1229 2625 1358 2683 Consiua
1371 2626 1404 2682 iu
1412 2625 1489 2684 Sea-

326 2729 411 2789 hodii
417 2727 530 2789 Archiv
539 2736 595 2784 eto.
607 2722 700 2789 1825.
709 2722 742 2787 4.
755 2745 786 2804 Ρ.
794 2726 869 2789 707.
884 2728 1057 2806 intelligens
1073 2747 1134 2785 non
1149 2729 1335 2807 receptacula
1346 2729 1489 2802 ferarum,

327 2831 383 2894 sed
394 2835 533 2914 pisoimu,
550 2847 779 2902 muraenarum,
795 2839 962 2888 ostrearum
977 2827 1071 2906 (Pliu.
1087 2831 1124 2890 H.
1139 2833 1175 2888 N.
1190 2832 1225 2905 9,
1237 2828 1289 2892 54.
1304 2828 1356 2892 55.
1370 2842 1400 2889 et
1414 2833 1488 2891 Juv.

327 2933 358 3011 4,
372 2935 457 3014 fit),
474 2933 567 2994 simul
581 2941 615 2989 ut
629 2931 724 2990 Potta
737 2931 795 2990 sibi
810 2941 926 2990 constet
939 2933 973 2988 iu
988 2929 1164 3013 metaphora
1179 2933 1243 2991 Sat.
1259 2933 1293 3008 2,
1311 2935 1346 3007 5,
1367 2934 1420 2996 25.
1434 2931 1490 2997 44.

327 3049 483 3119 usurpata.
512 3039 595 3109 Quae
607 3032 731 3115 quidem
746 3035 822 3092 ratio
836 3032 927 3092 valde
940 3033 1097 3115 displicet3
1121 3054 1296 3114 quanquam
1311 3055 1376 3094 rem
1389 3039 1489 3115 ipsam

328 3143 449 3200 etiama
466 3136 636 3198 Scholiasta
652 3136 743 3214 Cruq.
757 3135 915 3214 probatam
928 3157 990 3196 uon
1005 3158 1127 3216 prorsus
1142 3139 1357 3217 improbamus.
1382 3143 1489 3220 Neque

326 3254 430 3302 tamen
445 3261 485 3298 ex
501 3241 600 3299 verbis
615 3241 689 3319 ipsis
705 3240 780 3297 certi
802 3237 875 3317 quid
893 3238 1011 3298 deliniri
1027 3251 1144 3320 potest,
1167 3245 1230 3300 sive
1246 3240 1431 3300 attendimus
1450 3241 1491 3300 ad

327 3345 454 3405 verbum
468 3345 621 3421 excepere,
641 3340 679 3401 de
698 3361 759 3422 quo
776 3341 853 3399 bene
877 3340 1031 3422 disputant
1045 3345 1150 3402 Burin.
1173 3343 1211 3402 ad
1229 3342 1360 3402 Phaedr.
1380 3345 1416 3418 1,
1437 3347 1488 3420 11,

328 3451 370 3522 6.,
392 3444 432 3504 ad
451 3447 535 3504 Grst.
556 3443 772 3525 Cyneg.110.,
794 3441 888 3502 Drak.
909 3443 947 3502 ad
961 3445 1028 3502 Liv.
1044 3443 1074 3520 5,
1090 3443 1141 3520 41,
1160 3447 1207 3522 6.,
1227 3450 1291 3506 sive
1304 3447 1344 3506 ad
1355 3447 1490 3506 voeabu-

327 3550 411 3609 lam:
443 3549 577 3618 vivaria,
597 3545 679 3628 quod
702 3542 741 3602 de
764 3556 890 3626 utraque
905 3566 937 3604 re
957 3551 1096 3628 usurpari
1117 3560 1251 3624 constat3
1277 3549 1340 3608 vid.
1361 3551 1441 3608 Gall.
1456 3551 1488 3623 2,

327 3654 392 3728 20,
410 3651 490 3709 Plin.
505 3652 544 3711 ll.
555 3653 593 3708 Ν.
609 3653 638 3724 8,
655 3649 706 3711 52.
732 3647 852 3707 Colum.
868 3651 904 3708 R.
919 3651 955 3708 R.
972 3651 1007 3724 8,
1025 3652 1053 3712 1.
1076 3651 1111 3726 9,
1132 3654 1160 3714 1.
1189 3653 1227 3710 cf.
1246 3651 1284 3728 8,
1305 3654 1356 3716 16.
1380 3653 1489 3711 Seneo.

327 3757 365 3814 N.
380 3755 438 3826 Qu.
459 3751 496 3827 8,
520 3753 571 3815 18.
589 3753 630 3810 al.
655 3752 707 3810 sio
723 3751 818 3810 lintil.
833 3753 937 3812 Itiner.
958 3755 991 3828 1,
1008 3753 1082 3816 879.
1105 3754 1179 3832 ibiq.
1205 3754 1352 3814 Wernsd.
1368 3753 1492 3813 Ludere

329 3857 457 3916 lascivos
470 3857 552 3912 intra
565 3855 685 3914 vivaria
694 3855 805 3929 praeeo.
847 3854 953 3914 Sidon.
973 3857 1108 3936 Apollin.
1125 3859 1222 3936 Epist.
1239 3859 1269 3934 8,
1288 3860 1339 3922 12.
1353 3859 1491 3936 opimata

328 3961 456 4018 vivariis
469 3969 566 4016 osaea
578 3968 608 4017 et
621 3956 766 4015 translate
775 3958 846 4016 Juv.
860 3957 892 4032 8,
905 3957 977 4020 808.
999 3960 1051 4017 Sic
1065 3960 1135 4018 inde
1148 3961 1209 4020 huo
1223 3983 1325 4021 omnes
1342 3973 1493 4041 tanquam

329 4060 373 4120 ad
387 4063 508 4121 vivario
522 4070 657 4118 currunt.
704 4058 753 4117 Cf.
775 4059 897 4116 Wittel.
921 4061 1047 4118 Annott.
1062 4064 1094 4120 in
1122 4063 1234 4144 Georg.
1254 4065 1369 4124 Mend.
1395 4084 1422 4122 o.
1439 4064 1490 4127 15.

329 4166 362 4221 in
382 4165 501 4222 Gruter.
520 4165 628 4242 Lamp.
654 4163 722 4220 orit.
745 4163 770 4218 1.
796 4171 827 4218 et
852 4161 957 4220 Strsok.
982 4165 1088 4244 Antiq.
1104 4164 1230 4226 Conviv.
1245 4169 1283 4243 2,
1300 4168 1352 4230 10.
1368 4187 1400 4247 Ρ.
1414 4167 1492 4231 274.

329 4267 396 4325 lloo
411 4277 513 4324 autem
536 4277 605 4324 ante
624 4266 728 4324 omnia
749 4263 862 4323 eonzio
882 4263 1103 4324 observandum
1127 4280 1207 4344 erat,
1227 4272 1380 4350 piscatum
1400 4289 1493 4350 saepe

329 4365 412 4446 apud
429 4378 546 4426 veteres
559 4365 753 4428 similitudini
766 4363 928 4425 hominum
943 4368 1002 4426 sihi
1024 4369 1284 4432 conciliandorum
1303 4375 1337 4431 in
1360 4391 1492 4452 suasque

329 4477 430 4548 partes
443 4466 660 4531 trahendorum
672 4471 862 4546 insaniisse,
885 4470 968 4552 qaod
982 4471 1119 4552 pluribus
1134 4475 1326 4535 illustrarunt
1342 4475 1493 4554 exemplis

332 4567 505 4628 tlemsterh.
523 4568 563 4628 sd
583 4573 711 4631 Lucina.
732 4573 826 4632 aaut
839 4575 929 4633 Mort.
950 4573 981 4636 8.
1002 4577 1041 4634 11.
1054 4594 1088 4656 Ρ.
1105 4573 1198 4656 440,
1218 4580 1345 4660 Rupes-t.
1365 4573 1494 4640 adina.
