3450 5334
225 494 269 557 67
313 486 604 553 confflENTAnn
624 486 851 551 INHORATII
865 488 976 555 unt
996 486 1119 553 EPlST.
1138 490 1279 563 QUlN'l'.
1319 488 1384 555 257

223 678 291 741 Vol.
311 679 361 741 10.
384 701 414 761 p.
428 675 519 759 474.)
540 680 615 739 diem
640 679 718 741 illum
743 679 938 761 Porphyrium
954 683 1072 740 unctore
1094 700 1148 759 pro
1167 681 1256 741 uuteli
1277 682 1385 743 hubent

223 780 290 843 nivi
307 779 375 840 sne
398 783 544 857 cam
565 781 622 843 ιιι.
638 782 722 845 cm.
739 781 799 861 47,
821 784 872 845 18.
884 783 968 844 viu.
993 783 1031 843 ιι
1044 782 1123 861 vug.
1138 782 1200 842 ne.
1225 770 1266 861 5,
1280 784 1331 845 ee.
1353 806 1383 863 p.

224 883 301 948 207.
344 882 404 941 Sed
422 901 508 959 quum
520 884 594 943 huuc
612 890 673 943 tum
687 883 805 943 uliomur
816 885 854 942 de
868 900 903 943 en
915 902 948 942 re
965 886 1135 943 mteutium
1153 884 1261 961 optime
1277 885 1384 945 refute-

224 985 268 1043 vit
293 982 484 1043 Wiehertne
507 1004 535 1063 p.
556 982 754 1061 814—819.,
775 985 837 1061 cni,
859 985 885 1043 ul
906 985 1050 1066 exceperit
1077 986 1192 1045 dubium
1215 983 1383 1063 Asprenatis
1448 1009 1451 1017 ·

225 1104 391 1165 perronem,
412 1105 528 1165 prorius
547 1087 697 1150 nitentior.
740 1085 772 1143 lu
789 1084 1005 1146 verbieauteme
1026 1086 1082 1145 dat
1098 1089 1219 1145 venium
1231 1106 1383 1145 comunite-

223 1208 283 1267 quc
293 1188 371 1259 dieu,
380 1206 454 1264 qune
467 1206 556 1269 cupre
571 1209 601 1268 p.
610 1190 662 1251 62.
673 1186 883 1266 explicavimus,
897 1206 965 1247 cave
983 1188 1177 1269 interpreteris
1188 1206 1252 1246 eum
1261 1186 1382 1247 licerin-

223 1292 291 1369 gio·
319 1291 458 1369 „venium
471 1289 587 1349 bibendi
594 1291 624 1370 “,
644 1289 687 1349 vel
702 1307 764 1349 cum
786 1288 914 1368 Joeepho
940 1290 979 1349 de
997 1290 1144 1368 iouueuey
1163 1294 1194 1348 et
1208 1290 1380 1350 Seuuduuo:

224 1394 355 1471 „reniam
381 1392 503 1451 romu'u“
544 1393 610 1457 Wd.
640 1397 738 1452 uuuot
756 1392 795 1450 ud
823 1390 919 1469 Epist.
944 1394 983 1467 2,
1013 1394 1066 1455 60.
1098 1412 1128 1471 p.
1155 1391 1227 1453 182.
1268 1390 1382 1452 Nutulie

224 1494 300 1553 euim
318 1493 455 1553 efferebat
472 1494 632 1572 justitium,
657 1496 735 1571 quod
757 1500 902 1553 tententur
926 1492 1099 1555 Keleuderle
1122 1492 1223 1568 Autiq.
1245 1494 1275 1551 in
1292 1495 1381 1557 Orell.

225 1595 314 1659 luem.
332 1594 368 1653 11.
384 1618 415 1675 p.
433 1594 507 1658 398.
550 1596 585 1655 ln
604 1616 707 1654 eumne
723 1603 818 1657 entem
834 1596 984 1655 Bothium
1004 1596 1127 1656 sensim
1143 1613 1274 1655 sumnum
1298 1598 1382 1655 meri·

224 1698 339 1757 dinuum
352 1697 434 1756 valde
449 1698 545 1760 miror.
567 1731 610 1744 -
632 1700 756 1776 impune
773 1698 876 1756 &cedit
886 1702 933 1756 eet
946 1696 1034 1775 igitur
1051 1698 1114 1756 niue
1127 1696 1183 1757 ullu
1194 1700 1310 1758 mutini
1325 1699 1381 1758 diei

224 1800 405 1859 detrimento.
453 1799 667 1859 Welaudiue:
696 1800 932 1877 „ungetedelt“;
956 1801 1061 1860 rectius
1079 1801 1232 1859 Parrum.-
1262 1820 1382 1879 „unge

223 1902 343 1962 wehrt.“
383 1900 478 1963 Verbu
500 1910 609 1963 eutem:
639 1904 796 1961 Aeetivcm
819 1903 939 1962 laudm
957 1913 1073 1962 noctem
1094 1920 1188 1979 neque
1210 1901 1381 1981 significent,

224 2002 303 2079 qnod
322 2002 433 2081 opinati
446 2009 514 2062 eunt
528 2002 636 2080 uliquut
649 2005 792 2082 interpp.,
819 2022 1007 2081 „termonem
1019 2005 1050 2063 iu
1067 2008 1180 2063 noctem
1196 2004 1381 2082 extendere“,

222 2122 316 2181 neque
331 2108 445 2163 uuetem
461 2104 633 2175 erma,
650 2104 817 2182 producere
837 2106 954 2166 notione
972 2107 1099 2187 vulgari,
1125 2124 1211 2182 quem
1223 2104 1278 2163 eibi
1292 2105 1381 2165 fluxe-

223 2212 291 2265 runt
299 2205 502 2284 Deepreziue,
522 2206 703 2280 Bentlejue,
728 2207 932 2281 Sancdonrie,
957 2207 1157 2289 Dorighello,
1178 2208 1380 2286 Dcermgim,

227 2310 391 2367 Salamine
404 2310 442 2367 ed
456 2308 574 2369 Terent.
592 2306 831 2388 Meur.p.142.,
850 2311 1014 2392 Heirzdcrjl
1036 2312 1076 2371 ed
1086 2310 1148 2370 sne
1163 2310 1202 2386 2,
1223 2310 1264 2387 1,
1284 2310 1326 2387 2.,
1346 2315 1379 2369 ut

223 2411 278 2487 eit,
300 2415 410 2469 noctem
429 2416 539 2471 aestate
558 2408 713 2470 breuiorem
730 2411 761 2469 iu
775 2412 849 2470 diem
863 2413 1033 2491 extendere,
1049 2409 1194 2492 (similiter
1208 2409 1374 2472 Pueruviue:

222 2513 297 2593 „die
310 2512 527 2573 Summemeeht
539 2512 750 2593 verltngeffl)
769 2512 821 2571 red
835 2515 953 2574 notione
972 2515 1097 2593 quedem
1118 2514 1313 2574 diuturnitatis
1327 2514 1380 2573 ud·

222 2614 356 2675 haerente
373 2617 539 2695 transigere
546 2657 558 2687 ,
580 2617 696 2695 exigere
720 2635 815 2694 neque
827 2614 873 2674 erl
883 2616 985 2692 finem
998 2638 1025 2675 e.
1043 2614 1172 2695 bmc'gnc
1184 2615 1203 2679 i.
1222 2634 1246 2674 e.
1263 2615 1380 2694 largiter

222 2719 384 2798 profluente
399 2716 452 2796 (ul.
466 2716 573 2778 liberali
587 2724 618 2777 et
629 2713 752 2796 luceto),
769 2716 799 2774 in
816 2734 903 2793 quem
919 2736 989 2778 reru.
1001 2718 1194 2779 Weiclrertue
1211 2716 1283 2776 hene
1302 2736 1379 2776 cum·

221 2823 305 2899 peret
324 2821 435 2883 τείνειν
455 2820 526 2900 βίον
545 2818 663 2883 ἐλπίσιν
683 2838 732 2898 ep.
747 2816 879 2895 herchyl
889 2814 1034 2879 Prometh.
1050 2816 1123 2882 548.
1139 2816 1208 2893 ihiq.
1220 2818 1380 2879 Blomlieldi

221 2920 351 2987 Glcnnur.
382 2944 413 3003 p.
435 2922 508 2986 129.
535 2929 565 2982 et
588 2922 681 2999 Heyn.
705 2922 742 2979 ed
766 2919 845 2997 Virg-
859 2917 933 2978 Aen.
949 2920 987 2997 6,
1008 2920 1083 2984 809.
1125 2920 1174 2977 Sic
1185 2918 1285 2998 Eurip.
1298 2922 1378 2999 apud

220 3023 362 3087 Plutarch.
389 3025 491 3084 Morul.
515 3023 552 3086 11.
576 3044 605 3103 p.
623 3020 698 3086 436.
727 3020 871 3085 ἐκτείνειν
900 3021 971 3101 hice
996 3024 1145 3103 Βρωτοῖσι
1175 3018 1228 3081 uui
1248 3026 1378 3082 ποτοῖσι.

220 3126 299 3205 Virg.
315 3126 369 3186 Ge.
384 3128 424 3207 8,
446 3125 520 3190 379.
562 3126 628 3183 Hic
646 3132 762 3182 renotem
776 3120 849 3180 ludo
863 3122 990 3185 want
1038 3122 1123 3181 Ouid.
1136 3119 1209 3181 hlet.
1224 3121 1282 3199 12,
1304 3119 1376 3183 159.

220 3227 288 3305 ihiq.
301 3229 395 3289 Bueh:
418 3240 533 3288 motem
549 3246 682 3286 emmone
692 3226 828 3285 nahum.
874 3224 962 3305 Prop.
976 3220 1015 3301 4,
1036 3224 1074 3299 6,
1095 3223 1149 3286 85.
1194 3224 1249 3281 Sic
1260 3232 1377 3280 noctem

216 3342 327 3408 putem
335 3374 347 3404 ,
368 3334 412 3391 εἰσ
428 3332 539 3391 ciricum
553 3332 701 3401 carmine,
721 3329 815 3388 detrec
830 3328 951 3402 injiciat
963 3324 1067 3384 rudior
1081 3327 1115 3383 in
1129 3346 1197 3385 mea
1212 3328 1287 3385 νίιια
1302 3326 1375 3388 dece.

219 3430 329 3495 Lucan.
346 3434 403 3513 10,
426 3435 496 3497 178.
519 3432 620 3513 hugi}
639 3433 752 3491 Caesar
758 3430 926 3511 producere
943 3437 1061 3487 uocum
1071 3426 1202 3486 Inchoat
1216 3428 1371 3507 alloquiis.

220 3536 298 3596 Stet.
316 3536 410 3601 Theb.
424 3538 461 3614 8,
483 3534 556 3599 220.
578 3536 662 3594 vario
679 3534 853 3613 producunt
874 3530 976 3591 cidem
999 3530 1083 3589 ludo.
1128 3530 1252 3591 Martini
1265 3533 1302 3609 2,
1322 3529 1376 3608 89,

222 3638 250 3699 1.
271 3648 387 3697 noctem
399 3636 566 3715 pmducere
581 3638 663 3695 νίινο.
700 3636 765 3699 vd.
784 3635 879 3697 Flacc-
898 3634 936 3712 1,
957 3631 1032 3697 251.
1063 3630 1219 3691 Duleiim
1233 3633 1377 3713 alloquin

220 3738 351 3819 dedoque
375 3740 492 3799 educite
518 3748 634 3797 nucum
643 3780 656 3809 ‚
692 3740 730 3799 ud
750 3754 835 3815 quem
859 3737 953 3796 locum
973 3740 1004 3793 et
1021 3735 1060 3811 1,
1082 3735 1156 3798 278.
1174 3735 1377 3793 Burnwnmu

219 3842 288 3901 uliae
307 3841 419 3901 dicendi
439 3842 574 3901 formulas
595 3842 681 3902 effert
701 3842 827 3917 itemque
848 3835 987 3896 Bmukh.
1009 3837 1048 3896 ed
1075 3835 1162 3915 Prop.
1194 3838 1230 3914 1,
1251 3836 1290 3914 8,
1311 3833 1376 3913 89,,

219 3944 361 4023 Heyniue
375 3951 406 4003 et
421 3946 543 4004 Dircen.
558 3946 596 4005 nd
610 3942 679 4004 Tib.
695 3944 730 4021 1,
753 3940 791 4019 4,
813 3939 843 4004 5.
886 3941 935 3999 ste
950 3944 981 3998 et
994 3936 1094 3999 Livius
1108 3936 1260 3995 ecculm
1274 3946 1376 3995 aerte-

188 4080 190 4087 =
220 4054 300 4115 um,
328 4046 429 4117 diem,
460 4047 498 4106 de
525 4064 583 4124 que
611 4046 736 4105 dictiuue
758 4044 815 4104 uid.
844 4038 999 4101 Drakmb.
1024 4040 1062 4100 ud
1082 4038 1145 4105 lihr.
1165 4040 1226 4117 22,
1254 4037 1313 4114 18,
1343 4036 1373 4097 9.

219 4145 293 4207 Pliu.
310 4146 404 4229 Epist.
419 4148 456 4227 9,
477 4149 537 4225 86,
559 4144 589 4209 4.
634 4149 685 4207 Ita
699 4148 793 4207 νανϋν
805 4141 991 4204 sermonibus
1005 4160 1130 4218 νονμνα
1143 4140 1320 4201 extmdimr.

303 4249 338 4309 V.
360 4251 410 4312 12.
436 4252 502 4323 Ouo
518 4250 596 4308 milli
606 4286 650 4296 -
663 4250 731 4309 nti?
750 4249 890 4310 Horatium
907 4245 946 4305 nd
961 4244 1110 4325 superiora
1122 4262 1151 4306 v.
1169 4244 1199 4306 8.
1218 4241 1373 4322 respiciens

219 4348 273 4410 hue
284 4350 444 4428 siguificat:
473 4352 641 4431 „Equidem
664 4352 767 4431 opilius
790 4351 858 4409 mein
872 4350 934 4427 jum
952 4351 1018 4405 uter
1030 4346 1069 4404 ud
1082 4342 1211 4403 hilariter
1226 4348 1320 4402 tecum
1331 4340 1372 4399 ui-

217 4454 361 4532 uendum,
381 4459 412 4513 et
429 4460 541 4513 tuntum
558 4456 655 4535 ubeet,
676 4462 709 4515 ut
722 4455 838 4513 inunum
849 4446 1020 4529 locupletent
1033 4448 1147 4507 uvidum
1169 4446 1318 4522 heredem,
1339 4450 1372 4503 ut

218 4560 319 4616 cornu
334 4556 419 4635 genio
433 4556 596 4636 indulgeam
609 4564 640 4618 et
650 4558 698 4617 vel
712 4556 785 4618 adeo
799 4572 902 4635 perum
921 4547 1153 4733 ιιιιῗθιὶάωόζ
1182 4545 1294 4607 Delint
1310 4545 1337 4603 h.
1353 4544 1371 4603 1

1039 4654 1056 4699 *
1087 4654 1102 4731 t
