3450 5334
233 498 274 563 25
331 496 620 561 communicen
641 499 686 563 ΙΝ
702 500 1008 569 Hortamur
1034 504 1161 569 EPIST.
1176 506 1298 570 auur.
1333 506 1398 571 215

235 684 317 745 offic.
345 686 382 763 2,
404 685 438 763 5,
469 686 522 749 16.
538 684 591 768 (ibi
617 687 710 749 Beier.
728 696 758 749 et
775 689 912 770 Zumpt.)
931 692 1063 751 collecta
1080 695 1183 753 ceteris
1201 696 1315 766 caucis,
1332 696 1398 755 elu-

233 788 330 845 vionio
338 829 351 858 ‚
373 786 566 866 pestilentiae
585 796 641 855 etc.
685 790 749 853 Alia
767 792 892 852 afferunt
916 792 1020 855 Matth.
1042 801 1073 855 et
1093 796 1188 856 Mocb.
1210 799 1249 857 ad
1269 798 1330 857 Cic.
1352 819 1397 878 pr.

233 886 309 947 Mur.
330 888 390 966 10,
411 890 461 954 28.
504 891 589 955 Catil.
614 893 647 969 2,
669 894 725 972 11,
745 891 797 958 24.
844 895 961 975 Zumpt.
993 898 1044 956 Gr.
1066 897 1116 958 lat.
1137 900 1163 974 §.
1180 896 1255 963 425.
1300 899 1398 959 Haase

234 990 272 1049 ad
292 990 424 1071 Retrigte'
450 992 656 1073 Vorleouagen
675 1002 730 1055 etc.
749 1016 780 1075 p.
794 996 867 1064 635.
889 998 928 1058 Ν.
943 998 1015 1061 523.
1047 997 1157 1076 acute,
1175 1005 1207 1058 ut
1226 999 1316 1079 nolet,
1338 1021 1397 1062 rem

233 1090 366 1171 explicuit
394 1093 594 1153 Hennennuo
625 1099 663 1157 ad
686 1097 782 1176 Viger.
819 1120 848 1178 p.
869 1102 945 1163 878.
994 1099 1113 1159 Fundus
1143 1108 1189 1159 eet
1215 1102 1396 1163 Homericum

232 1193 301 1253 illud
331 1194 402 1275 (0d.
425 1194 485 1273 19,
511 1193 604 1276 492):
633 1198 719 1281 ἕρκος
746 1194 890 1276 'deinum
917 1203 957 1260 ad
977 1204 1057 1278 quod
1081 1204 1208 1283 proxime
1227 1204 1336 1263 accedit
1360 1204 1395 1264 ll.

234 1298 269 1372 7,
303 1292 373 1357 104.
406 1294 539 1375 (Spitzu.
568 1299 629 1381 ibi)
658 1300 740 1376 τέλος
772 1299 923 1365 θανᾶτου.
966 1304 1055 1382 Soph.
1088 1303 1186 1381 Antig.
1223 1306 1294 1369 122.
1332 1326 1396 1369 urr-

234 1394 368 1477 φάνωμα
402 1392 536 1479 πύργων.
585 1402 629 1465 ld.
652 1404 759 1485 Oedip.
779 1405 843 1465 Col.
863 1408 936 1469 722.
964 1404 1058 1487 τέρμα
1078 1408 1133 1485 τῆς
1155 1408 1319 1486 σωτηρίας,
1347 1409 1396 1468 ubi

233 1500 286 1559 alia
320 1500 405 1559 affert
429 1498 538 1579 Reisig.
573 1523 621 1584 ap.
646 1508 771 1585 Wund,
805 1509 852 1587 qui
880 1509 965 1567 addit
987 1506 1092 1567 Mattla
1121 1506 1172 1567 Gr.
1199 1527 1242 1585 gr.
1273 1512 1299 1585 §.
1320 1508 1393 1575 430.

232 1603 312 1661 Haec
333 1602 560 1679 observavimus,
592 1614 625 1665 ut
650 1626 762 1669 versum
797 1629 856 1687 aeq.
884 1610 1000 1669 clariore
1020 1611 1050 1668 in
1076 1608 1138 1667 luce
1156 1628 1333 1687 poneremus.
1351 1644 1395 1659 -

225 1704 331 1785 sterce,
358 1707 474 1767 verbum
497 1708 528 1768 in
548 1711 601 1769 hac
622 1730 654 1769 re
674 1714 831 1791 proprium.
874 1710 921 1771 lta
940 1712 1063 1789 Sat.2,
1086 1712 1124 1786 1,
1148 1711 1198 1772 11.
1227 1714 1324 1771 multa
1345 1715 1395 1773 le-

233 1806 337 1865 borum
353 1813 494 1886 praemia
518 1812 644 1874 laturae.
682 1811 893 1891 0(Ι.4,8,5.
914 1824 1064 1893 aequetur
1081 1812 1214 1889 pessima
1235 1836 1394 1874 munerum

233 1911 346 1973 Ferrea.
387 1910 546 1972 Dictiouem
567 1913 694 1994 pluribus
715 1916 858 1977 illustrant
876 1915 1004 1974 Broulrlr.
1024 1915 1062 1975 ad
1084 1913 1151 1975 Tib.
1173 1916 1209 1991 1,
1231 1918 1267 1994 1,
1291 1916 1342 1982 24.
1363 1926 1394 1978 ct

233 2011 348 2089 Forbig.
373 2014 411 2072 ad
432 2014 510 2094 Virg.
529 2016 589 2075 Ecl.
611 2019 630 2079 5
637 2058 648 2095 ,
663 2016 714 2080 89.
955 2090 963 2098 ¹

314 2115 349 2176 V.
367 2116 416 2179 26.
442 2118 558 2195 Quodsi
570 2118 699 2197 Frigida
710 2152 754 2165 -
764 2140 878 2198 porres.
913 2120 1125 2179 Sententiarum
1141 2119 1212 2177 ordo
1233 2141 1278 2181 rv.
1297 2123 1338 2183 26
1349 2156 1393 2166 -

233 2219 283 2283 29.
305 2220 349 2279 hic
362 2225 423 2277 eat:
444 2218 606 2297 „Attamen
626 2223 745 2281 istarum
763 2240 856 2281 rerum
875 2222 960 2281 laude
979 2222 1068 2297 major
1088 2226 1134 2279 eat
1159 2221 1223 2298 ipae
1238 2222 1392 2300 rapientia,

231 2322 267 2379 ad
295 2340 379 2399 quam
401 2340 513 2400 quoque
540 2324 650 2383 omissis
677 2329 706 2383 te
724 2324 827 2401 rebus,
856 2342 930 2402 quae
956 2365 978 2401 „
987 2324 1099 2383 divinae
1118 2321 1286 2402 particulam
1306 2343 1392 2384 aurae

231 2422 317 2484 homo
338 2426 501 2503 affigunt,“
521 2431 721 2503 perventurum
740 2444 804 2485 esee
825 2426 1000 2485 crediderim.
1043 2425 1078 2484 ln
1101 2424 1178 2483 illam
1197 2424 1328 2485 omuibus
1348 2428 1392 2485 in·

232 2527 419 2587 cumbendum
437 2532 498 2604 eat,
519 2528 567 2602 qui
589 2534 619 2587 et
639 2528 701 2587 aliia
722 2533 752 2587 ct
773 2527 827 2587 albi
848 2530 948 2588 deeaae
969 2528 1068 2589 nolint
1079 2529 1101 2565 “
1143 2526 1198 2587 th
1219 2528 1305 2604 igitur
1324 2547 1391 2606 pro

231 2630 337 2707 gremio
359 2630 503 2689 aminare
523 2630 559 2688 ad
579 2632 686 2709 majus,
715 2648 801 2705 quam
821 2629 912 2691 Poeta
932 2636 1008 2689 tecte
1027 2630 1184 2708 significat,
1216 2648 1274 2689 nou
1299 2632 1392 2708 aperit

229 2733 297 2810 ipaia
316 2732 420 2791 verbis.
446 2730 579 2791 Similiter
598 2733 781 2812 progreditur
797 2734 888 2792 oratio
910 2735 940 2791 in
959 2733 1110 2792 laudaud‘u
1128 2733 1231 2791 etudiia
1247 2732 1391 2791 literarum

230 2852 276 2913 ap.
298 2832 372 2891 Plin.
394 2831 423 2889 in
442 2830 538 2910 Epist.
561 2835 598 2911 1,
619 2833 657 2910 3,
679 2832 709 2895 3·
759 2834 841 2911 Quin
868 2846 901 2893 tu
928 2834 1057 2891 lramilea
1082 2844 1110 2891 et
1137 2834 1277 2891 eordidaa
1300 2856 1391 2893 curae

230 2935 300 2993 aliia
322 2934 453 2993 mandere
460 2978 472 3005 ,
492 2946 521 2991 et
538 2936 601 3013 ipae
624 2944 652 2991 ta
673 2936 706 2992 in
727 2933 790 2991 alto
807 2938 862 2993 leto
879 2937 1051 3015 pinguique
1067 2955 1183 2993 eeceaau
1202 2936 1313 2995 atudise
1330 2940 1391 2996 ad-

230 3040 310 3097 eeria.
346 3039 417 3096 Hoc
430 3040 471 3095 eit
483 3040 636 3117 negotium
650 3046 746 3109 tuum,
758 3036 815 3094 hoc
828 3040 944 3110 otium5
963 3037 1015 3095 hic
1028 3034 1129 3104 labor,
1146 3035 1222 3093 haec
1235 3040 1319 3115 quiea
1331 3046 1387 3097 etc.

229 3138 352 3218 Pythag.
370 3160 429 3199 aur.
450 3160 524 3199 vers.
535 3137 586 3203 45.
597 3136 649 3200 46.
684 3142 783 3201 Ταῦτα
799 3132 905 3213 πόνει,
919 3130 1006 3200 ταῦτ’
1025 3135 1179 3217 ἱκμελέτα·
1203 3132 1321 3201 τούτων
1332 3138 1389 3222 χρή

228 3244 303 3323 ἐρᾶν
318 3262 360 3317 σε,
384 3237 484 3305 Ταῦτά
498 3264 530 3305 σε
540 3246 596 3322 τῆς
612 3242 702 3319 θείης
716 3233 826 3321 ἆρειῆς
839 3242 883 3314 εἰς
897 3241 979 3320 ἴχνια
993 3242 1094 3319 θήσει.
1115 3240 1270 3309 Quaeritur
1281 3249 1388 3323 autem,
1428 3304 1432 3315 ,

230 3363 302 3422 quae
323 3346 399 3421 rint,
428 3345 454 3403 si
474 3366 492 3405 a
510 3346 629 3423 propria
647 3343 776 3403 vocabuli
797 3344 1002 3421 significatione
1023 3342 1200 3418 discesseris,
1230 3343 1387 3424 firmenta,

228 3454 323 3507 utrum
349 3446 470 3525 solatia,
500 3446 670 3525 lenimenta,
701 3466 739 3505 au
765 3444 888 3525 pabula,
919 3445 1092 3504 nutrimenta
1116 3445 1271 3505 curarum?
1305 3446 1388 3507 lllam

228 3550 460 3628 significationem
479 3549 586 3609 habeut
606 3550 674 3607 loci:
695 3548 748 3609 cio
768 3549 855 3608 Tusc.
879 3550 916 3623 2,
934 3543 993 3624 24,
1009 3545 1062 3609 59.
1084 3547 1121 3605 de
1133 3545 1196 3605 Flu.
1215 3549 1251 3625 2,
1266 3548 1319 3626 29,
1335 3549 1385 3613 95,

227 3650 299 3711 Plio.
321 3650 415 3730 Epist.
438 3655 477 3730 6,
501 3655 540 3731 7,
563 3656 592 3717 2.
615 3671 634 3711 a
657 3652 810 3709 Schmidc'o
831 3650 957 3727 laudati,
978 3649 1053 3708 hauc
1077 3649 1243 3728 plerumque
1262 3669 1387 3726 aequuu-

228 3760 274 3812 tur
296 3754 466 3833 interpretas
487 3767 517 3814 et
533 3754 740 3832 lexicographi,
761 3742 920 3827 'coramque
940 3753 1099 3831 complures
1119 3751 1214 3811 Clodii
1233 3771 1281 3832 ap.
1304 3754 1386 3813 Serv.

228 3856 265 3915 ad
287 3854 367 3933 Virg.
390 3856 463 3917 Aen.
487 3859 524 3935 1,
547 3860 620 3920 176.
645 3856 881 3935 interpretatione
902 3874 954 3933 pro
973 3854 1087 3931 fomite,
1115 3854 1299 3933 „Zuuder“,
1321 3876 1386 3937 per·

225 3958 305 4017 moti.
348 3959 444 4028 Quum
470 3960 540 4019 haee
561 3957 698 4037 Epitheto
718 3956 845 4037 frigida
866 3974 966 4036 parum
985 3958 1199 4015 accommodata
1218 3964 1307 4034 atque
1325 3957 1385 4019 Au-

226 4064 327 4136 gusteo
343 4062 457 4137 quidem
477 4081 547 4121 aero
569 4060 711 4120 rariaaime
731 4060 786 4136 ait,
806 4060 836 4118 in
854 4058 903 4117 illa
922 4056 1157 4133 acquiescendum
1178 4059 1298 4121 videtur.
1325 4062 1385 4119 Sed

225 4163 264 4220 nd
288 4160 367 4221 litem
389 4164 574 4223 dirimendam
593 4182 777 4240 congeramus
797 4160 936 4239 exempla.
972 4157 1092 4228 Quintil.
1113 4156 1186 4221 last.
1209 4157 1249 4236 4,
1270 4160 1309 4237 8,
1331 4162 1383 4224 10.

224 4264 287 4321 Ha
308 4264 404 4343 igitur
427 4264 511 4323 velut
523 4265 687 4346 sumentia,
717 4266 747 4322 ai
771 4264 848 4343 quid
869 4262 926 4319 erit
948 4280 1108 4337 creperum,
1129 4260 1380 4337 praemolliemaa.

226 4362 319 4423 Tacit.
350 4364 427 4425 ann.
461 4369 496 4443 1,
525 4365 577 4430 46.
606 4364 798 4425 Militaribue
825 4364 937 4422 animia
967 4360 1142 4419 adhibenda
1165 4364 1323 4441 fomenta,
1350 4378 1384 4423 ut

216 4468 303 4544 serre
326 4490 435 4546 pacem
463 4468 566 4531 velint.
595 4471 695 4533 Senec.
737 4467 830 4548 Epist.
854 4468 907 4530 51.
936 4464 1116 4523 indomimm
1146 4464 1236 4522 tilam
1262 4465 1384 4525 nivibus

224 4578 314 4646 alque
335 4568 473 4650 Alpibus
494 4573 593 4630 viram
620 4580 799 4631 enervatum
817 4570 956 4651 fomenta
973 4565 1168 4646 campeniae.
1211 4566 1256 4629 ld.
1271 4567 1308 4628 de
1322 4567 1382 4628 vit.
