3450 5334
458 1812 1127 1933 coMMuNTAltll

774 2028 816 2083 IN

263 2180 540 2254 uuuarll
580 2179 959 2255 urtsrunau
996 2182 1336 2262 ΕΕΡἨΜΔΜ

680 2376 819 2462 ΜΒ.
864 2377 906 2459 1.

684 2662 894 2672 ——-·

223 2852 396 2948 Maecenas
417 2904 503 2965 quum
522 2904 609 2966 aegre
630 2892 742 2948 careret
760 2887 952 2950 familiaritate
967 2888 1081 2949 Horatii
1098 2890 1171 2950 vatis
1189 2896 1220 2949 et
1239 2889 1321 2949 amici
1341 2886 1379 2949 ob

224 3010 344 3067 eamque
370 3007 447 3063 rem,
480 2990 606 3050 sortasse
632 2994 718 3050 variis
741 2992 817 3051 ritae
841 2978 1028 3051 incommodi}
1052 2992 1112 3069 jam
1138 2997 1233 3051 tactus
1262 2991 1378 3072 (Senec.

223 3093 317 3173 Epist.
338 3089 410 3155 114.
432 3091 469 3150 de
485 3088 600 3151 Pravid.
621 3093 652 3156 8.
672 3092 744 3153 Tac.
763 3091 839 3152 Ann-
857 3089 890 3171 4,
908 3091 994 3174 24.),
1016 3095 1137 3155 amicum
1154 3090 1287 3151 dilectum
1306 3092 1380 3151 inri-

222 3204 271 3258 tus
291 3195 462 3270 dimitteret,
491 3192 588 3253 Flacci
605 3195 781 3275 longiorem,
806 3214 891 3276 quam
911 3214 996 3274 quern
1013 3196 1038 3253 is
1057 3196 1121 3254 iore
1137 3194 1323 3274 promiserat,
1350 3196 1381 3255 in

223 3297 293 3357 villa
307 3315 360 3355 sua
375 3314 521 3356 secessum
537 3315 626 3375 aegre
643 3298 744 3358 tulisse
763 3298 888 3358 videtur.
930 3296 1022 3357 Poeta
1041 3296 1145 3375 igitur,
1175 3302 1207 3355 ut
1226 3314 1307 3355 suam
1327 3295 1381 3355 ab·

224 3402 347 3459 sentiam
369 3399 399 3457 in
428 3418 612 3459 scanienses
633 3399 769 3461 dilaturas
796 3406 946 3461 excusaret
968 3400 1131 3474 crimenque
1155 3399 1240 3458 animi
1264 3398 1383 3478 ingrati,

225 3502 304 3583 qued
322 3500 374 3560 sibi
389 3507 511 3581 propter
529 3503 700 3581 promissum
719 3523 779 3563 non
797 3512 940 3564 servatum
958 3497 1020 3561 fleri
1038 3500 1191 3578 videretur,
1211 3500 1383 3560 dissolveret

224 3614 312 3684 atquc
336 3605 449 3663 omnino
474 3622 554 3662 suam
571 3625 624 3664 sno
645 3626 725 3665 more
744 3606 856 3665 vivendi
876 3606 1016 3665 rationem
1034 3608 1157 3682 patrono
1181 3600 1269 3662 libere
1293 3620 1384 3682 expc-

224 3716 319 3785 neret,
337 3708 411 3767 hanc
428 3706 544 3787 scripsit
559 3707 719 3788 Epistolam
733 3710 866 3769 Romano
886 3708 998 3767 homine
1018 3705 1220 3783 dignissimam.
1262 3702 1291 3764 Is
1308 3704 1383 3763 enim

226 3810 388 3869 valetudine
405 3815 466 3868 tum
481 3809 614 3871 utebatur·
627 3816 720 3870 minus
740 3811 899 3887 commoda,
921 3810 966 3869 cui
981 3811 1023 3868 ita
1040 3807 1244 3866 consulendum
1262 3813 1334 3882 erat,
1352 3808 1385 3865 nt

228 3928 315 3989 quum
332 3911 435 3971 diutins
455 3932 522 3973 rnre
540 3920 711 3990 moraretur,
728 3918 789 3973 tum
802 3933 856 3993 per
875 3912 998 3973 hiemem
1015 3910 1053 3970 ad
1069 3928 1147 3969 mare
1165 3910 1185 3967 i.
1197 3928 1222 3970 e.
1241 3910 1270 3967 in
1286 3906 1385 3985 regic-

227 4031 295 4072 nem
323 4012 494 4090 tcpidiorem
521 4017 718 4076 descenderet.
762 4014 839 4076 Ante
865 4016 959 4075 omnia
979 4014 1085 4093 igitur,
1120 4016 1256 4090 quantum
1279 4008 1384 4070 debeat

227 4120 352 4195 patrono
371 4112 567 4176 liberalissimo
588 4118 743 4196 quantique
764 4119 794 4179 in
818 4117 966 4178 beneficiis
990 4114 1091 4174 dandis
1114 4112 1244 4173 facienda
1269 4112 1307 4173 sit
1324 4112 1386 4189 ejus

228 4216 399 4294 hnmanitas,
420 4222 504 4294 grato
524 4218 676 4294 profitetur
694 4222 801 4299 animo,
821 4222 862 4280 ita
882 4224 988 4297 tamen,
1008 4222 1042 4275 ut
1061 4234 1141 4277 suam
1160 4214 1250 4295 ipsius
1269 4212 1386 4274 liberta·

230 4328 290 4380 tem
310 4318 440 4378 omnihus
463 4320 617 4380 amicornm
636 4322 721 4383 donis
747 4327 777 4383 et
799 4322 845 4381 vei
864 4320 935 4402 ipsis
956 4318 1083 4381 Arabum
1111 4314 1216 4378 divitiis
1241 4319 1388 4397 praeferre

229 4439 290 4480 non
306 4420 429 4481 dubitet.
471 4421 534 4480 Sibi
554 4422 629 4482 enim
648 4432 744 4485 aetate
769 4422 944 4507 provectiori
965 4428 996 4483 et
1020 4420 1149 4502 corporis
1175 4420 1281 4481 viribus
1301 4420 1388 4502 paulo

230 4526 324 4584 fracto
345 4524 402 4583 alia
418 4525 480 4601 jam
498 4543 572 4604 opus
592 4544 658 4588 esse
677 4530 754 4590 vitae
770 4528 953 4603 conditione,
972 4540 1057 4605 quam
1075 4540 1133 4603 qua
1150 4520 1295 4602 turaque
1312 4524 1389 4604 apud

231 4632 384 4706 pauonum
403 4626 565 4690 munificum
584 4648 653 4691 asns
678 4632 727 4692 sit
770 4628 883 4704 andsl
903 4628 1056 4691 Maecenas
1075 4624 1205 4705 vincula,
1240 4624 1343 4708 quibus
1363 4626 1391 4686 ei

266 4726 380 4781 tiam.
396 4724 420 4779 1.
1064 4723 1109 4790 23
1129 4724 1180 4810 (6)
