3450 5334
366 502 430 569 320
480 500 763 567 command
783 502 829 564 IN
848 499 1020 565 ΗΟΒΑΤΠ
1041 500 1116 562 LlB.
1130 500 1153 562 l.
1168 500 1292 563 EPIST.
1307 500 1420 563 sm.
1483 500 1527 568 48

362 696 456 754 merit
478 694 552 757 660.
571 694 607 753 de
629 692 805 753 commerciis
826 690 942 767 quidem
961 692 1080 749 mutuis:
1101 688 1210 769 hicque
1233 688 1390 749 Mastitai
1409 690 1529 749 arcolae

364 797 563 875 Negationem
582 814 671 873 caepe
687 791 851 852 versabant
873 794 960 853 viere.
1005 790 1050 850 De
1064 792 1152 851 verbo
1172 792 1358 869 occupandi,
1379 787 1527 872 adderetur,

366 901 423 958 Od.
441 903 477 974 2,
507 901 563 975 12,
594 902 645 965 28.
664 902 797 959 dixenmt
816 895 913 955 Schm.
934 895 971 952 ad
992 892 1020 951 h.
1042 894 1061 951 l.
1082 893 1188 953 Heind.
1209 896 1248 953 ad
1266 896 1328 953 Sat.
1351 898 1387 971 1,
1422 894 1461 972 9,
1492 897 1529 957 6.

364 1001 501 1059 Torreat.
522 1002 560 1061 ad
580 1001 674 1081 Epist.
699 1006 728 1079 1,
749 1004 782 1077 7,
803 1000 855 1063 66.
877 1005 907 1056 et
924 994 1021 1053 Fabri.
1044 996 1081 1051 ad
1097 992 1162 1053 Liv.
1184 998 1245 1071 21,
1267 996 1328 1073 39,
1351 997 1402 1060 10.
1445 998 1529 1067 Qun·

362 1111 484 1182 propter
506 1102 658 1163 Dacerina
679 1110 757 1162 recte
777 1099 951 1178 improbavit
971 1099 1248 1174 interpretationem:
1280 1102 1434 1177 „portoria
1455 1122 1528 1161 con-

363 1205 502 1265 ducere.“
544 1205 646 1283 Talia,
677 1208 697 1263 i.
719 1226 744 1265 e.
765 1201 918 1279 Bithynice
938 1198 1089 1276 vectigalia
1109 1199 1138 1258 h.
1163 1221 1189 1259 v.
1211 1201 1372 1278 significata
1391 1204 1526 1283 opinatus

364 1316 411 1368 est
438 1308 613 1385 Rappoltue
632 1330 661 1387 p.
684 1305 757 1371 594.
784 1306 899 1365 laudato
921 1303 983 1361 cie.
1006 1302 1035 1359 in
1060 1301 1154 1380 Epist.
1177 1304 1214 1361 ad
1241 1302 1306 1361 Diu.
1327 1304 1386 1380 18,
1423 1304 1453 1369 9.
1482 1340 1528 1354 -

368 1409 540 1488 Cibyratica
558 1412 677 1488 negotia
696 1412 829 1469 dicuntur
846 1428 864 1467 a
890 1404 1016 1484 Cibyra,
1043 1404 1115 1463 urbe
1137 1402 1279 1484 Phrygiae
1300 1408 1434 1485 majoris,
1456 1408 1527 1467 civi-

363 1519 455 1573 tatum
471 1512 552 1571 XXV
573 1518 714 1572 conventu
734 1510 841 1586 nobili,
873 1528 932 1567 non
951 1508 1084 1582 Ciliciae,
1113 1514 1145 1565 ut
1165 1510 1318 1586 opinantur
1337 1507 1524 1579 Lambinua,

363 1616 542 1692 diademata,
573 1616 630 1674 alii.
650 1613 714 1673 vid.
739 1633 813 1691 quos
833 1612 952 1671 laudant
973 1609 1113 1669 Wieland.
1137 1610 1223 1671 adh.
1246 1610 1266 1671 l.
1290 1618 1320 1670 et
1340 1612 1462 1691 Rupert.
1485 1616 1526 1674 ad

364 1718 438 1779 Tac.
459 1718 534 1777 Anu.
554 1714 586 1793 4,
613 1715 663 1794 13,
687 1720 716 1780 1.
760 1716 807 1774 Gi.
829 1715 973 1773 Mannert.
994 1713 1103 1790 Geogr.
1126 1711 1255 1773 Kleinas.
1277 1712 1327 1774 Vl.
1350 1716 1381 1777 3.
1410 1736 1439 1794 p.
1461 1715 1524 1781 143

364 1840 430 1899 sqq.
456 1828 487 1880 et
505 1821 657 1880 Onomast.
680 1818 758 1879 Tull.
783 1837 813 1896 p.
838 1814 910 1880 146.
954 1816 1000 1877 De
1021 1813 1170 1894 Bithynia
1193 1814 1280 1876 Asiae
1301 1818 1419 1877 minoris
1449 1820 1525 1878 inter

364 1921 503 2001 Propont.
524 1930 555 1983 et
574 1921 660 1980 Pont.
681 1920 754 1981 Eur.
775 1920 895 1997 regione
923 1936 981 1976 non
1012 1915 1105 1977 solum
1136 1917 1233 1978 multis
1261 1918 1379 1979 urbibus
1406 1921 1525 1998 insigni,

364 2045 463 2085 verum
486 2026 573 2084 etiam
602 2032 763 2084 mercatura
785 2020 875 2084 nobili
904 2018 976 2079 dixit
1002 2018 1079 2078 idem
1107 2018 1294 2081 Wielandius.
1339 2022 1385 2081 Cf.
1405 2022 1523 2084 lilitsclr.

364 2137 395 2188 et
417 2126 507 2188 Orell.
530 2129 568 2186 ad
590 2127 648 2185 Od.
670 2128 711 2204 3,
739 2129 776 2202 7,
804 2125 836 2188 3.
855 2130 886 2181 et
909 2125 944 2197 1,
975 2120 1035 2198 36,
1064 2124 1095 2183 7.
1140 2122 1293 2183 Onomast.
1316 2124 1395 2185 Tull.
1415 2146 1446 2205 p.
1468 2125 1523 2190 95.

364 2231 508 2291 Manum.
529 2226 577 2288 Vl.
600 2228 631 2291 3.
652 2246 683 2305 p.
705 2223 767 2288 545
786 2244 851 2302 sqq.
895 2224 961 2283 Hoc
981 2224 1096 2301 quidem
1113 2230 1246 2303 tempore
1264 2227 1283 2285 i.
1301 2246 1327 2286 e.
1350 2247 1426 2286 anno
1447 2226 1522 2293 734.

364 2332 512 2409 Augustus
533 2332 596 2409 ipse
616 2331 648 2388 in
667 2328 801 2403 Bithynia
817 2326 910 2403 affuit,
932 2326 989 2385 vid.
1011 2324 1119 2385 Waltlr.
1135 2329 1172 2386 ad
1187 2328 1261 2388 Tac.
1276 2326 1350 2389 Ann.
1369 2334 1398 2407 1,
1417 2326 1470 2407 74,
1493 2335 1523 2394 1.

449 2433 484 2492 V.
504 2429 557 2495 34.
578 2433 632 2495 35.
674 2427 767 2488 mtto
789 2426 903 2485 talem
923 2460 965 2471 —
986 2448 1136 2489 acervum.
1180 2430 1326 2491 Describit
1339 2432 1412 2491 Hor.
1433 2435 1462 2492 in
1477 2433 1523 2493 luis

364 2555 434 2596 auae
454 2534 557 2593 aetatis
566 2532 792 2609 Rothechildior,
812 2534 861 2609 qui
882 2532 913 2588 in
933 2529 1148 2608 multiplicando
1169 2553 1257 2593 censu
1278 2554 1391 2595 omnem
1412 2543 1523 2615 ponunt

365 2656 492 2718 operam.
536 2635 610 2696 Sunt
628 2637 677 2714 qui
699 2636 753 2693 lios
775 2650 876 2692 verm
896 2633 933 2690 ad
958 2636 1330 2714 autumniautumni,
1366 2646 1398 2698 at
1425 2640 1522 2717 potina

365 2740 550 2815 crediderim,
572 2736 693 2798 Pactam
712 2735 758 2797 rel
778 2738 816 2795 ad
837 2735 944 2814 colam,
978 2736 1147 2813 ubicumque
1169 2740 1208 2797 ait
1227 2740 1324 2817 facta,
1358 2760 1419 2802 rem
1439 2744 1522 2801 fene-

365 2844 446 2903 brem
471 2841 517 2901 vel
542 2842 581 2900 ad
604 2843 804 2918 redemptores
824 2837 1002 2916 publicorum
1022 2840 1167 2919 progredi.
1210 2839 1275 2901 Vid.
1296 2841 1390 2921 Epist
1414 2847 1450 2921 1,
1489 2847 1521 2921 1,

365 2947 405 3013 62
419 2978 463 2991 -
477 2943 529 3006 66.
552 2943 605 3006 80.
627 2943 680 3004 77.
723 2939 801 3020 Apte
815 2948 911 3001 antem
929 2943 1018 3001 utitur
1038 2942 1126 3003 verbo
1156 2943 1344 3003 rotztndandi
1370 2945 1408 3003 ob
1428 2945 1521 3005 mille-

363 3049 437 3109 narii
455 3045 565 3105 numeri
584 3045 806 3124 perfectionem,
838 3052 871 3103 ut
892 3044 966 3104 bene
986 3044 1122 3106 observat
1149 3048 1319 3106 Torrentius
1328 3070 1341 3121 ,·
1376 3048 1424 3107 alii
1445 3050 1521 3109 enim

363 3147 579 3210 armatiorem
593 3152 697 3225 putant
709 3152 854 3224 sumptam
868 3166 886 3205 a
899 3148 991 3208 forma
1003 3152 1128 3209 rotunda
1141 3149 1186 3208 vel
1199 3150 1337 3228 pecuniae
1352 3151 1397 3210 vel
1411 3151 1522 3224 acerri3

364 3271 453 3329 quare
472 3249 609 3308 ridiculus
629 3253 675 3306 est
695 3246 881 3319 Acamas,
912 3270 1000 3328 quum
1020 3252 1104 3311 dicit:
1138 3250 1282 3322 ,‚talanta
1300 3252 1321 3311 1.
1342 3271 1368 3311 e.
1390 3256 1520 3331 pondera

363 3356 449 3429 aeria,
469 3351 666 3411 retundantur
679 3351 699 3407 i.
711 3368 738 3408 e.
754 3352 899 3427 accipiant
912 3352 1033 3411 sormam
1047 3355 1194 3432 pecuniae,
1215 3374 1288 3433 quae
1302 3357 1426 3414 rotunda
1440 3355 1520 3415 est.“

364 3456 481 3515 petron.
503 3455 555 3517 76.
577 3450 659 3532 (rbiq.
679 3452 804 3529 interpp.
827 3452 859 3508 in
880 3454 926 3511 ed.
946 3453 1044 3512 Burm.
1066 3474 1095 3533 p.
1121 3454 1211 3535 381.)
1258 3455 1322 3513 Cito
1345 3456 1408 3530 fit,
1439 3456 1523 3536 qnod

364 3557 423 3614 Dii
440 3553 564 3612 volunt:
588 3574 648 3611 uno
667 3573 760 3611 curm
782 3556 891 3613 contai
914 3558 1079 3614 sestertium
1100 3556 1321 3617 conohtndavi.
1337 3592 1375 3605 -
1399 3559 1521 3617 totidem

363 3658 469 3719 altera.
514 3656 650 3715 Laudant
668 3654 773 3714 Catull.
786 3655 818 3733 6,
840 3659 871 3719 6.
915 3658 970 3716 Da
990 3656 1067 3717 milti
1087 3658 1174 3717 baara
1193 3670 1333 3735 emim,-
1352 3660 1394 3721 da
1414 3661 1521 3721 &iride

362 3762 460 3820 altera
479 3769 606 3819 centum.
649 3757 770 3818 Terent.
790 3759 896 3819 Heaut.
919 3761 952 3839 4,
971 3760 1005 3839 4,
1025 3762 1057 3823 3.
1101 3762 1211 3819 Minae
1232 3762 1353 3841 quadem
1373 3768 1445 3840 jam
1465 3764 1520 3825 de-

363 3885 426 3923 cem
445 3860 537 3921 habet
554 3881 576 3917 a
593 3880 640 3918 mc
650 3858 727 3936 filia
743 3892 783 3907 ·-
800 3862 907 3919 Haece
924 3873 1140 3942 comaquentur
1156 3863 1278 3924 alterae.
1321 3865 1401 3946 Virg.
1417 3866 1518 3945 Eclog.

362 3968 395 4044 3,
414 3969 466 4030 71.
509 3964 617 4023 Aurea
637 3962 722 4021 mala
743 3962 844 4021 decem
863 3966 953 4039 mibi5
975 3986 1043 4025 crac
1058 3967 1155 4025 altera
1171 3968 1310 4041 mittam
1332 3978 1410 4029 recte
1423 3976 1520 4030 antem

362 4068 497 4127 observat
517 4066 714 4125 Hoctedarus
721 4109 734 4137 ,
761 4066 807 4125 liic
829 4075 950 4147 propter
967 4072 1110 4148 adjectum
1132 4069 1253 4129 totidem
1272 4077 1384 4132 tantum
1404 4071 1520 4131 talenta

360 4172 490 4249 intelligi.
511 4204 555 4215 -
574 4168 609 4229 V.
630 4168 682 4232 36.
703 4179 732 4225 et
751 4188 829 4247 quae
849 4190 924 4249 para
955 4172 1088 4251 quadrat
1114 4192 1266 4235 acervum.
1309 4174 1389 4234 Haec
1421 4176 1519 4253 verba,

359 4277 390 4333 in
410 4273 513 4352 quibus
529 4274 684 4333 haeeemnt
700 4271 799 4349 mrdti,
819 4271 889 4330 nibil
909 4273 986 4333 aliud
1004 4276 1130 4336 iudicant
1146 4284 1262 4355 praeter
1283 4277 1355 4337 hoc:
1384 4280 1516 4356 „sensim

360 4379 480 4435 accedat
500 4378 580 4453 quod
600 4375 727 4456 complet
747 4383 870 4453 quatuor
890 4376 1007 4437 millium
1028 4376 1201 4441 talentorum
1221 4398 1374 4456 acervum,
1400 4384 1434 4439 ut
1455 4380 1518 4439 Sat.

361 4480 398 4553 1,
436 4479 472 4552 1,
506 4475 559 4540 44.
582 4482 1020 4555 commtctuaacemteet2,
1063 4480 1101 4557 6,
1136 4484 1188 4549 22.
1210 4485 1346 4562 aeraque
1364 4502 1519 4541 ruam-

358 4586 496 4637 acervat.
530 4579 564 4639 ln
589 4599 652 4640 rem
678 4580 776 4640 laudat
803 4579 940 4641 Grcebol.
963 4581 1055 4642 Plaut.
1077 4582 1169 4644 Stich.
1191 4586 1228 4661 3,
1267 4589 1303 4661 1,
1338 4585 1369 4647 3.
1417 4580 1519 4642 Simrd
