3450 5334
338 484 404 551 522
452 484 805 553 committunt
823 484 993 549 HORATIl
1012 485 1087 552 LlB.
1101 490 1125 553 1.
1140 486 1265 553 EPIST.
1279 488 1395 553 SEXT-
1461 494 1504 561 50

339 708 383 721 -
402 673 438 735 V.
455 675 510 737 87.
552 676 596 734 Et
610 695 718 755 genem.
760 676 864 735 Senec.
884 674 978 753 Epist.
1002 676 1074 739 115.
1123 676 1242 758 Ubiqne
1262 678 1343 737 ιαιισὶ
1361 679 1502 759 quisque,

245 849 250 859 ι
341 790 490 859 quantem
511 776 634 851 hadad,
650 780 730 858 suit.
770 778 871 855 Eurip.
892 776 1002 837 Phoen.
1018 776 1093 841 449.
1114 775 1152 841 roi
1165 773 1291 863 χρήματ’
1306 772 1502 863 ἀνθρώποισι

339 875 510 962 τιμιώτατοι,
531 876 663 962 δύναμίν
681 902 714 944 re
733 881 877 958 πλείστην
895 882 958 941 τοῖν
978 878 1011 942 ἒν
1030 872 1209 962 &ripoinum
1230 880 1339 963 ἔχιι-
1351 882 1503 965 -πὲνης

339 980 398 1069 peip
419 976 511 1049 odiis
532 975 660 1065 ου’γενής
682 976 772 1064 α’νήρ.
817 984 863 1042 Cf.
887 990 986 1043 annot.
1007 984 1046 1041 ad
1067 987 1097 1060 1,
1120 987 1150 1060 1,
1172 984 1224 1047 59.
1248 1017 1288 1032 -
1309 987 1419 1064 regina
1439 988 1503 1045 Pe-

341 1089 443 1147 cunia.
488 1085 535 1145 Ita
548 1087 682 1165 Sympos.
698 1084 831 1165 Aenigm
842 1084 895 1149 89.
945 1088 1037 1145 Tem
1048 1087 1108 1165 sui
1121 1088 1223 1164 primo
1238 1084 1362 1145 latebris
1374 1086 1502 1149 abscon·

340 1190 407 1249 dita
427 1200 543 1261 temam
564 1189 662 1249 Nunc
680 1189 772 1249 oldad
786 1206 915 1267 regnum
927 1189 1078 1265 flanmrae
1096 1208 1261 1267 nomenque
1274 1189 1434 1261 dadanus,
1452 1191 1504 1253 ubi

258 1338 282 1364 Ἀ
340 1296 399 1353 vid.
421 1292 564 1363 Wernsd.
578 1290 626 1350 Vl.
648 1312 679 1369 p.
701 1290 774 1354 565.
816 1291 928 1353 Eadem
956 1294 1017 1351 sere
1046 1292 1188 1351 sententia
1214 1287 1353 1373 χρήματα
1372 1294 1504 1355 Hesiodo

306 1468 311 1477 Ι
341 1398 400 1475 Op.
423 1394 515 1455 etl).
537 1394 611 1457 686.
629 1400 697 1453 sunt
716 1388 803 1473 ψυχή
827 1394 952 1457 δειλοῖσι
973 1396 1118 1475 βροτοῖσι.
1160 1394 1231 1455 Inde
1253 1394 1349 1473 Epist.
1374 1398 1412 1471 1,
1448 1397 1505 1473 10,

342 1498 396 1563 47.
439 1497 575 1575 Imperat
594 1505 651 1554 aut
669 1497 762 1555 servit
781 1494 907 1557 collecta
922 1500 1057 1575 pecnnia
1077 1498 1183 1575 cuique
1204 1504 1234 1557 et
1254 1497 1317 1557 Sat.
1340 1499 1378 1573 2,
1398 1496 1439 1573 3,
1460 1494 1506 1561 94

342 1622 408 1679 sqq.
430 1602 527 1659 omnis
549 1600 629 1655 enen
648 1616 716 1667 ree,
749 1598 875 1675 Virtus,
893 1600 1006 1679 sama,
1036 1598 1148 1671 ἅισιιο,
1179 1599 1287 1659 divina
1308 1598 1505 1678 homnaqzu

338 1703 479 1783 pulchris
499 1702 627 1763 Divina
645 1711 759 1777 parent
787 1705 843 1761 etc.
864 1704 903 1761 ad
932 1722 1017 1779 quem
1044 1702 1100 1763 loc.
1123 1704 1180 1761 vid.
1201 1700 1335 1763 Lambin.
1378 1702 1425 1763 De
1446 1701 1507 1761 dea

343 1807 495 1875 Pecunia,
508 1823 583 1882 quae
592 1821 646 1880 per
654 1805 752 1880 jocmn
761 1802 807 1861 vel
815 1804 936 1865 ironiam
947 1804 1105 1881 dicebatur,
1119 1804 1200 1863 locos
1210 1803 1367 1865 attulenmt
1375 1803 1506 1865 Schmid.

344 1917 375 1969 et
389 1907 492 1984 Orell,
513 1910 551 1967 de
571 1910 635 1964 tota
654 1912 751 1965 autem
770 1908 914 1968 sententia
935 1910 972 1967 cs.
987 1906 1121 1968 Lambin.
1137 1909 1175 1965 ad
1188 1906 1247 1967 Od.
1259 1908 1292 1984 3,
1313 1908 1364 1983 16,
1388 1907 1505 1969 1-16,

342 2010 450 2073 Mutet.
469 2010 508 2069 ad
528 2006 617 2067 Arist.
639 2005 736 2068 Ethic.
759 2010 791 2084 1,
812 2008 844 2073 4.
866 2030 897 2089 p.
916 2013 988 2075 167.
1011 2018 1042 2069 et
1060 2012 1098 2067 ad
1112 2008 1233 2069 Rhetor.
1255 2012 1285 2074 2.
1307 2006 1359 2067 111.
1381 2026 1411 2086 p.
1426 2008 1504 2069 767.

345 2114 427 2173 Cort.
449 2113 488 2172 ad
513 2110 583 2169 Sall.
607 2110 672 2168 Cat.
695 2111 752 2186 12,
789 2111 819 2172 1.
861 2110 946 2169 Stob.
968 2111 1061 2171 Serm.
1082 2108 1240 2171 LXXXIX.
1283 2110 1387 2169 Senes.
1407 2109 1504 2187 Epist.

347 2214 419 2280 115.
464 2214 600 2273 Ceterum
625 2213 733 2289 regina
753 2212 825 2270 Pec.
853 2214 957 2273 dicitur
983 2219 1016 2273 ut
1042 2232 1090 2293 ap.
1117 2214 1179 2273 Cic.
1203 2214 1241 2273 de
1267 2212 1353 2273 Orat.
1375 2216 1414 2289 2,
1448 2206 1503 2275 44.

345 2318 480 2375 omniun
498 2315 607 2396 regina
626 2333 728 2371 rerum
747 2314 852 2375 oratio.
896 2312 991 2391 Atque
1015 2314 1092 2377 haud
1120 2317 1181 2375 scio
1207 2334 1245 2375 an
1265 2312 1417 2375 Horatium
1437 2316 1505 2371 ante

346 2418 446 2479 owlos
470 2418 602 2477 habuerit
620 2414 752 2473 Boilecu
773 2413 864 2494 (Sat.)
891 2416 921 2475 in
947 2416 1097 2494 versibus,
1133 2436 1207 2495 quos
1232 2416 1288 2475 hue
1309 2413 1508 2492 transscripsit

346 2521 457 2581 Doro:
484 2520 680 2598 „Qniconqne
700 2522 746 2576 est
766 2516 860 2592 riche,
889 2524 935 2577 est
955 2524 1029 2581 tout.
1073 2520 1149 2579 Sans
1170 2536 1289 2597 sagesse
1309 2517 1331 2576 il
1353 2525 1400 2579 cst
1420 2534 1505 2595 sege:

348 2622 418 2699 lla,
439 2640 508 2681 sans
528 2622 591 2681 rien
607 2622 712 2696 saveir,
736 2620 765 2679 la
785 2622 899 2679 science
922 2639 959 2681 en
973 2628 1110 2700 partage:
1131 2620 1156 2680 ll
1177 2640 1195 2679 a
1215 2620 1339 2699 l'esprit,
1359 2620 1388 2679 le
1409 2637 1506 2697 coenr,

230 2745 233 2749 ·
348 2726 377 2787 le
398 2726 512 2801 nerito,
535 2722 564 2782 le
583 2742 672 2800 sang:
692 2720 739 2781 La
759 2727 853 2798 verta,
874 2721 904 2781 la
922 2722 1031 2799 valeus,
1054 2722 1084 2781 la
1105 2722 1234 2800 dignite,
1255 2721 1283 2781 le
1306 2742 1394 2802 sang:
1415 2722 1439 2783 11
1461 2728 1509 2783 est

348 2828 427 2888 aime
446 2828 500 2887 des
521 2827 647 2903 grands,
682 2824 704 2883 il
728 2832 774 2885 est
795 2825 872 2885 cheri
895 2827 948 2885 des
972 2824 1081 2897 belles;
1117 2824 1225 2885 lanais
1247 2825 1447 2885 snrintendant
1469 2842 1507 2885 ne

348 2937 457 3011 nonna.
469 2928 524 2985 des
534 2925 664 2985 crnelles.
704 2923 778 2985 L'or
786 2925 880 2986 meme
893 2928 911 2987 d
923 2928 953 2987 la
964 2927 1074 2987 laideur
1086 2928 1182 2985 donne
1195 2945 1235 2986 un
1248 2928 1323 2989 teint
1336 2929 1374 2987 de
1389 2925 1494 2987 beante
1499 2944 1508 2985 t

349 3030 425 3091 Mais
445 3034 510 3087 tout
528 3029 645 3087 devient
663 3028 774 3089 effrem
795 3047 866 3089 avec
889 3028 919 3089 la
938 3029 1112 3109 pauvrete.“

435 3130 471 3191 V.
493 3131 547 3195 88.
589 3128 643 3189 Ac
663 3126 736 3188 bme
755 3164 795 3176 -
821 3132 991 3210 Venusque.
1036 3133 1118 3209 „Qui
1137 3132 1219 3191 dives
1239 3137 1302 3208 est,
1330 3130 1362 3191 in
1382 3130 1444 3210 ejus
1464 3128 1508 3193 ltl-

351 3236 412 3295 bris
434 3233 518 3311 qnasi
539 3233 657 3291 sessitat
674 3232 773 3292 Soada
792 3251 930 3311 eamque,
968 3240 1001 3293 ut
1028 3252 1133 3293 venere
1160 3232 1305 3311 gratiosus
1333 3232 1389 3309 sit,
1424 3238 1510 3293 ornat

352 3335 485 3398 Venus.“
524 3333 570 3399 Ex
591 3335 694 3394 eodem
713 3334 795 3391 fonte
808 3335 990 3410 promanavit
1009 3336 1153 3397 sententia
1171 3334 1235 3395 illa:
1257 3332 1414 3393 Audieras
1421 3376 1435 3406 ,
1459 3335 1511 3395 cni

352 3440 434 3499 Rem
454 3436 489 3495 ds·
507 3436 674 3506 dommi,
693 3432 744 3491 illi
761 3434 910 3495 &odere
923 3456 1058 3515 pravam
1078 3438 1256 3500 Serdicam.
1299 3437 1395 3517 Epist.
1418 3442 1456 3515 2,
1477 3440 1509 3515 2,

356 3541 429 3606 151.
459 3538 530 3617 ibiq.
551 3536 649 3597 Sciam.
671 3537 719 3596 cf.
741 3536 842 3616 Eurip.
861 3538 1007 3599 Heraclid.
1036 3542 1100 3607 726
1122 3560 1187 3619 sqq.
1241 3540 1427 3621 Quapropter
1450 3558 1510 3601 non

353 3644 429 3703 focio
450 3660 515 3701 conr
532 3636 668 3699 71ινιιι1ιο
684 3636 772 3718 (lev.
783 3644 836 3716 22,
855 3639 911 3719 8.),
932 3642 1109 3719 Deeprerio,
1130 3644 1208 3715 Fen,
1229 3641 1309 3720 aliis,
1330 3644 1400 3721 qui,
1419 3661 1510 3720 qaum

354 3745 409 3805 lrae
433 3744 507 3803 deae
529 3740 717 3803 matrimoniis
740 3740 924 3803 conciliandis
948 3746 1052 3805 adesse
1076 3746 1208 3807 dicaam
1228 3742 1385 3823 (Plutarch.
1407 3743 1507 3805 Praec.

355 3848 470 3924 conjug.
487 3843 559 3908 188.
575 3842 622 3903 VI.
642 3862 674 3922 p.
689 3840 762 3909 523.
782 3842 821 3903 R.
864 3842 910 3903 Id.
933 3844 990 3914 Qu.
1012 3844 1134 3909 Roman.
1156 3846 1218 3907 Vll.
1232 3866 1263 3925 p.
1285 3849 1339 3912 72.
1361 3848 1399 3907 cf.
1415 3845 1508 3909 Orell.

355 3950 395 4009 ad
415 3948 473 4006 0d.
496 3948 528 4023 1,
547 3945 603 4024 80,
624 3948 655 4009 8.
681 3950 713 4005 et
729 3944 768 4005 D.
784 3944 823 4005 T.
837 3943 940 4005 Miller
960 3949 997 4007 de
1017 3951 1110 4011 causis
1131 3950 1323 4011 conviviorum
1342 3950 1511 4029 nuptialium

354 4053 387 4109 in
409 4048 601 4110 Bidermaani.
615 4047 722 4107 Select.
743 4046 840 4107 Schol.
863 4046 901 4107 11.
923 4051 952 4114 2.
976 4070 1005 4127 p.
1027 4049 1133 4132 748),
1161 4052 1328 4115 felicitatem
1348 4052 1511 4131 intelligunt

357 4152 429 4213 berre
449 4159 605 4211 ιιιιοιοισσο
624 4149 700 4231 (Cic.
724 4148 819 4228 Epist.
843 4152 882 4210 ad
904 4149 970 4211 Div.
992 4154 1031 4229 7,
1062 4156 1113 4217 16.
1154 4153 1230 4235 Lep.
1253 4152 1358 4231 Agror.
1380 4157 1419 4231 2,
1445 4152 1513 4233 22.)
1630 4146 1648 4175 ⁸

357 4253 528 4314 conciliandi
546 4254 661 4331 nuptias
680 4252 851 4331 optdentas,
881 4252 983 4331 quibus
1005 4255 1133 4315 intentos
1153 4257 1244 4319 firisse
1261 4258 1383 4335 juvenes
1402 4256 1513 4317 Roma·

357 4374 412 4416 nos
432 4360 558 4431 constat,
580 4353 675 4433 Epist.
698 4358 729 4432 1,
753 4357 785 4432 2,
810 4351 862 4419 44.
906 4354 946 4417 At
969 4359 1007 4417 de
1026 4376 1114 4417 uxore
1136 4364 1223 4420 antea
1242 4359 1330 4435 dixit,
1367 4376 1454 4435 quam
1474 4354 1513 4415 ob

358 4474 420 4515 ren
445 4456 616 4515 lbrrcntiua
638 4456 712 4517 haec
729 4460 767 4518 de
788 4456 914 4518 Suadela
934 4466 964 4519 et
984 4456 1095 4521 Venere
1116 4460 1206 4523 verba
1226 4461 1386 4541 generatim
1408 4458 1513 4541 exponi

359 4554 485 4632 mavolt,
514 4564 572 4634 „nt
590 4558 720 4638 quisquis
742 4558 852 4621 sedicet
874 4566 1036 4623 nummatis
1062 4569 1125 4642 est,
1163 4566 1205 4625 ita
1222 4580 1432 4645 quamcumque
1451 4578 1513 4623 rem
