3450 5334
237 516 280 583 41
343 514 631 577 COMMENTARII
651 517 695 576 IN
715 517 1287 581 HosnT11L13.1.npls'r.snxr.
1330 516 1394 582 313

237 704 310 764 uelle
330 704 376 763 vel
397 706 572 764 curiosorum
593 714 639 765 est
663 704 708 764 vel
736 704 881 763 hominum
902 708 995 765 nodos
1017 710 1045 765 in
1072 709 1168 785 sciqro
1189 710 1393 785 quaerentium.

238 804 284 865 Ad
305 808 446 866 rationem
465 807 578 885 liugrree
598 810 628 865 in
649 828 712 867 voc.
732 827 820 865 moue
844 815 875 866 et
896 828 974 887 vesp.
1023 808 1196 867 Groebelisec
1217 809 1315 869 laudnt
1337 810 1395 867 Ce-

237 908 299 968 tull·
320 909 374 985 31,
395 906 426 969 4.
474 907 574 985 Quam
595 920 623 967 te
644 908 787 979 libenter,
809 930 903 989 qnam
925 922 952 968 te
973 910 1069 969 laelios
1093 912 1198 971 ι’τινίεο.
1243 912 1335 981 Qunlc
1357 912 1396 970 sit

238 1011 268 1069 in
285 1009 392 1068 talibus
413 1010 582 1089 discrimen,
618 1013 752 1071 indicavit
770 1014 869 1076 Kritz.
890 1015 927 1073 ed
948 1012 1017 1072 Sall.
1035 1013 1101 1091 Jug.
1122 1013 1184 1088 31,
1215 1015 1264 1089 2.,
1293 1012 1396 1071 sedin

239 1108 394 1189 Adiectivis
415 1116 553 1191 temporis
572 1113 694 1173 aliaest
714 1117 795 1174 ratio.
838 1114 885 1174 De
907 1116 942 1173 iis
964 1116 1080 1192 quidem
1108 1114 1163 1179 vid.
1187 1114 1283 1177 Schm.
1304 1117 1341 1173 sd
1365 1113 1393 1172 h.

238 1212 258 1271 l.
281 1220 311 1273 et
329 1214 447 1293 Forbig.
466 1217 504 1275 ed
525 1217 603 1293 Virg.
624 1214 697 1274 Aen.
716 1213 754 1292 4,
785 1218 861 1280 303.
891 1252 932 1263 -
959 1218 993 1275 V.
1015 1220 1066 1281 21.
1096 1214 1247 1275 dotalibus
1267 1236 1335 1296 ugr.
1364 1223 1397 1275 ut

239 1318 323 1375 Ouid.
346 1318 428 1377 Fest-
450 1318 482 1393 5,
504 1318 577 1383 209.
619 1318 676 1375 Est
688 1318 765 1375 milri
776 1317 933 1398 secundus
952 1316 1105 1376 dotalibus
1122 1318 1227 1376 hortus
1248 1318 1282 1376 in
1303 1319 1396 1397 agris.

241 1452 278 1463 ·-
302 1430 411 1477 anetae
429 1421 448 1479 i.
466 1429 596 1481 emetat
612 1440 648 1479 ex
664 1422 751 1497 egris.
793 1423 839 1482 Ite
859 1423 921 1481 Set.
937 1422 967 1497 2,
988 1423 1019 1496 2,
1041 1421 1092 1482 77.
1111 1420 1269 1500 decurgere
1290 1440 1397 1492 οοεπο,

238 1522 306 1581 ibid.
331 1524 401 1587 106.
423 1523 549 1579 emetiris
569 1542 684 1583 αοεννο.
708 1527 744 1600 1,
772 1522 810 1601 4,
832 1524 885 1588 32.
906 1521 1063 1601 deperdere
1082 1543 1211 1588 summa.
1231 1523 1299 1583 ibid.
1323 1524 1395 1587 188.

239 1625 337 1684 illudo
358 1624 478 1683 οΙιονιιο.
520 1624 564 1683 lte
585 1624 690 1683 Graeci
709 1621 892 1701 ἆπελπλζειν,
914 1621 1066 1705 ἐπιλέγειν,
1087 1614 1258 1703 ἐπεσθίειν,
1281 1622 1397 1689 cinolo-

239 1728 316 1809 βεῖν.
357 1728 490 1790 anbin.
512 1728 551 1785 nd
571 1726 629 1785 00.
651 1730 688 1803 2,
710 1729 747 1803 7,
766 1725 817 1792 24.
862 1726 988 1789 Cesaub.
1010 1727 1047 1785 nd
1066 1726 1213 1806 Theophr.
1234 1728 1322 1787 Cher.
1346 1730 1396 1792 12.

240 1852 270 1911 p·
294 1831 365 1895 160.
385 1833 432 1895 ed.
451 1830 487 1889 F.
508 1837 539 1889 et
558 1829 592 1888 C.
612 1828 731 1888 Pessov.
752 1832 790 1889 nd
817 1831 920 1909 Eclog.
950 1850 978 1908 p.
999 1828 1051 1891 34.
1095 1830 1231 1889 Ceterum
1255 1830 1300 1889 his
1325 1830 1397 1909 ipsis

241 1934 335 1992 verbis
357 1932 532 1992 Gmebele'us
545 1950 618 2010 opes
639 1952 674 1991 ex
691 1932 846 1993 latifundiis
868 1951 1023 2009 eorumque
1044 1931 1183 1991 reditibus
1205 1938 1303 2011 partes
1318 1937 1398 1991 recte

241 2038 387 2114 opinetur,
406 2038 436 2095 in
462 2054 606 2095 saturem
627 2034 745 2093 laudens
767 2035 824 2093 0d.
849 2040 880 2112 1,
908 2038 937 2113 1,
962 2034 1011 2097 10.
1032 2034 1065 2111 3,
1090 2035 1141 2110 16,
1163 2038 1259 2101 26-
1275 2036 1326 2099 28.
1345 2028 1397 2097 41.

239 2138 335 2219 Epod.
356 2137 395 2215 4,
419 2140 458 2202 13
479 2158 525 2217 sq.
557 2172 600 2182 —
628 2135 663 2195 V.
683 2140 734 2203 22.
756 2136 807 2201 23.
849 2138 957 2195 Mutus
977 2136 1062 2196 homo
1082 2138 1215 2215 ignotus,
1236 2156 1398 2215 quanquam

240 2262 300 2302 non
324 2242 423 2301 lictum
446 2244 508 2321 ejus
537 2260 657 2311 nomen3
693 2241 799 2298 etenim
830 2242 871 2298 sic
897 2258 945 2319 up.
968 2240 1085 2299 Gruter.
1108 2238 1129 2297 l.
1152 2238 1172 2297 l.
1216 2239 1251 2299 P.
1277 2238 1397 2299 ALBU-

242 2342 335 2404 TlUS
354 2341 389 2403 P.
410 2342 447 2402 F.
468 2344 618 2403 MUTUS.
671 2343 788 2403 Nomen
808 2350 905 2402 cutem
924 2349 1045 2421 propter
1066 2344 1272 2402 contrariorum
1293 2344 1350 2401 vim
1369 2360 1396 2399 v.

243 2447 294 2510 19.
312 2450 416 2526 jocose
436 2447 483 2506 hic
503 2446 611 2506 illatum
631 2444 764 2505 arbitror.
807 2444 857 2504 Sic
878 2444 939 2503 eliis
960 2445 1032 2504 locis
1051 2446 1195 2505 nominum
1216 2464 1315 2524 propr.
1338 2446 1398 2521 sig-

241 2548 432 2609 nificationem
451 2556 529 2608 tecte
550 2549 681 2627 respicit,
709 2555 740 2606 ut
760 2546 857 2619 Albi,
888 2546 1016 2607 conclide
1034 2548 1128 2628 Epist.
1150 2546 1186 2626 4,
1211 2554 1258 2625 1.,
1280 2546 1399 2605 Asinae

242 2672 405 2730 cognomen
426 2650 484 2727 13,
509 2652 559 2726 8.,
578 2649 699 2729 sanum
723 2650 869 2709 Vacunae
890 2652 950 2729 10,
972 2650 1045 2729 49.,
1067 2650 1202 2710 Nerones
1228 2652 1286 2710 Od.
1309 2648 1347 2726 4,
1366 2648 1398 2725 4,

242 2752 294 2819 29.
314 2753 368 2815 30.
413 2750 546 2811 Scaevae
566 2754 667 2829 nepoti
688 2753 750 2811 Sst.
772 2758 804 2829 2,
827 2758 858 2831 1,
884 2752 936 2816 53.
957 2786 1001 2801 ·-
1022 2764 1050 2809 et
1070 2778 1116 2807 =
1135 2773 1203 2833 neu,
1222 2754 1280 2812 vid.
1301 2752 1398 2811 Hand.

243 2854 369 2913 Tursell.
391 2854 429 2913 ll.
455 2876 485 2933 p.
508 2854 581 2916 499.
604 2854 856 2917 53611010.οο
884 2854 950 2914 Juv.
973 2858 1030 2931 11,
1068 2850 1139 2919 148.
1162 2864 1193 2916 et
1221 2854 1341 2931 Forbig.
1361 2853 1399 2910 nd

242 2953 321 3034 Vug.
342 2954 415 3015 Aen.
433 2952 472 3032 4,
505 2958 577 3022 236.
598 2992 643 3002 —
663 2954 843 3035 megum,
878 2957 956 3035 quod
976 2958 1078 3017 dicitur
1099 2976 1133 3016 ex
1154 2957 1297 3017 sententie
1326 2956 1400 3031 ejus,

243 3062 293 3137 qui
313 3078 398 3118 omne
418 3060 543 3118 audium
562 3059 592 3116 in
613 3062 745 3135 augenda
765 3079 798 3118 re
818 3060 950 3119 familiari
976 3061 1076 3139 ponit,
1114 3066 1147 3117 ut
1167 3059 1242 3117 bene
1264 3057 1400 3116 observet

242 3160 410 3237 Lambinus,
433 3168 479 3219 est
499 3162 660 3239 interjectio
677 3161 862 3239 indignantis,
884 3180 958 3240 quse
980 3182 1027 3221 res
1041 3161 1087 3221 hic
1105 3161 1201 3221 multis
1219 3159 1286 3219 olim
1306 3157 1400 3215 fraudi

242 3264 298 3324 fuit
315 3262 534 3341 inteqrrctibus3
553 3263 605 3321 sed
625 3261 684 3321 vid.
706 3264 802 3324 Bentl.
824 3266 862 3324 ed
882 3266 945 3327 Set.
970 3268 1001 3341 2,
1024 3264 1055 3339 5,
1077 3263 1130 3325 79.
1173 3262 1257 3321 Cort.
1279 3262 1317 3318 nd
1338 3256 1399 3317 Lu·

244 3385 308 3425 oun.
332 3369 361 3443 1,
383 3366 456 3429 626.
499 3365 588 3424 Bech.
607 3367 645 3423 od
664 3365 750 3426 oud.
771 3367 844 3426 Met.
868 3368 905 3444 5,
926 3368 979 3429 37.
1023 3364 1142 3443 Forbig.
1164 3366 1203 3424 ed
1223 3363 1302 3440 Virg.
1326 3360 1400 3419 Aen.

245 3473 276 3548 1,
297 3468 370 3532 251.
388 3500 433 3514 -
449 3467 547 3527 Verbo
567 3466 649 3546 quod
664 3468 706 3524 sit
718 3468 875 3545 pejoribus
900 3480 982 3527 ortus
1003 3470 1144 3547 expressit
1158 3467 1274 3527 Persius
1290 3466 1327 3539 ¹6,
1351 3463 1401 3526 15-

243 3572 289 3633 De
309 3572 393 3633 simili
413 3590 467 3629 usn
487 3590 550 3628 voc.
572 3571 699 3627 missores
720 3570 852 3630 dixerunt
877 3570 1049 3629 Schmidc'us
1069 3572 1107 3628 ud
1129 3574 1185 3647 17,
1223 3574 1254 3635 2.
1276 3574 1307 3627 ct
1330 3564 1402 3622 See-

246 3673 353 3735 hodius
374 3676 405 3733 in
425 3671 607 3751 „Scholien“
628 3670 651 3730 l.
671 3692 700 3750 p.
723 3670 775 3748 9.,
804 3675 857 3733 scd
879 3676 907 3733 in
928 3694 992 3733 voc.
1010 3677 1098 3753 pn'or
1118 3674 1198 3731 notio
1221 3672 1265 3729 hic
1287 3676 1333 3730 est
1352 3685 1401 3724 su-

244 3777 360 3857 perbiae
382 3783 412 3837 et
431 3774 658 3835 malevolentiae·
679 3806 723 3819 ··
740 3774 775 3832 V·
798 3775 850 3840 23.
872 3775 919 3836 Ad
935 3797 999 3836 voc.
1015 3774 1177 3847 mirabile,
1197 3776 1227 3833 in
1248 3791 1304 3851 quo
1325 3775 1403 3829 tecte

245 3880 396 3958 respicitur
418 3878 500 3937 illud:
537 3876 585 3935 nil
602 3876 753 3935 admr'rm
771 3894 799 3934 v.
823 3881 853 3941 1.
873 3878 917 3938 vel
939 3882 1050 3938 usitare
1069 3898 1096 3938 v.
1121 3881 1191 3955 18.,
1223 3882 1303 3936 reete
1324 3890 1403 3932 com-

243 3988 348 4061 pernnt
368 3981 512 4039 Graecum
540 3969 679 4059 ξηλωτὸς.
728 3977 864 4041 Groebel.
888 3983 960 4041 scite
988 3983 1089 4041 laudet
1108 3982 1146 4039 de
1167 3977 1250 4038 simili
1271 3974 1405 4035 mirandi

242 4083 450 4161 significatione
473 4083 571 4141 Burm.
601 4083 639 4139 sd
660 4080 757 4149 Anth.
779 4082 831 4142 let.
853 4082 878 4141 1.
899 4104 930 4161 p.
952 4081 1025 4147 456.
1069 4080 1156 4161 Prop.
1180 4086 1219 4160 2,
1256 4083 1314 4158 17,
1352 4082 1403 4142 11.

244 4185 377 4267 (irwidia
395 4182 577 4263 emmanu)
597 4192 627 4244 et
643 4186 770 4245 Cnseub.
790 4188 829 4244 ed
848 4184 995 4265 Theophr.
1016 4184 1103 4245 Cher.
1118 4206 1148 4263 p.
1165 4183 1236 4247 158.
1280 4183 1404 4243 Senten-

241 4290 312 4349 tiam
332 4286 440 4349 Poetae
460 4294 609 4347 essecutcrs
631 4296 677 4348 est
696 4286 865 4347 Plutarchus
886 4287 936 4365 (de
957 4287 1067 4365 Trenq.
1088 4284 1182 4345 Anim.
1205 4282 1402 4363 v11.p.840.

241 4389 295 4469 lt.)
315 4390 349 4454 lv
369 4396 412 4477 τῷ
432 4391 490 4474 pilu
510 4385 544 4452 ii
561 4384 598 4451 eoi
617 4384 778 4473 πράγματα
798 4390 905 4452 δίδωσι
923 4381 1067 4471 περιόντα
1087 4391 1209 4450 πολλοῖν
1230 4384 1304 4467 μὲγο
1325 4408 1404 4465 φοο-

243 4498 310 4556 νεῖν
337 4490 390 4555 ιιιιλ
412 4488 544 4571 ζηλωτὸν
570 4495 686 4573 μᾶλλον
706 4488 824 4573 εἶναιῆ
847 4495 957 4571 ζηλοῦν
979 4488 1106 4573 ἑτέρους.
1150 4490 1198 4549 Cs.
1220 4489 1404 4549 Democritus

239 4612 287 4674 up.
310 4594 402 4656 Orell.
423 4596 448 4655 1.
468 4616 501 4675 p.
523 4593 575 4659 92.
617 4586 685 4658 'snt
707 4601 772 4669 τοῖς
797 4595 938 4669 δυνατοῖς
959 4585 1016 4657 οὖν
1035 4594 1084 4657 δεῖ
1102 4590 1178 4673 ἔχειν
1206 4586 1265 4673 τήν
1282 4586 1406 4675 γνώμην
