3450 5334
324 462 388 527 262
428 463 771 531 commatrum
785 461 1391 537 uoRAT11L1u.1.m>1sT.Quru‘r.
1441 461 1483 530 42

325 651 403 711 derit
423 656 510 729 atque
535 649 697 729 explanavit
718 648 909 709 Weiclreruu
931 651 962 707 in
982 649 1143 708 comment.
1163 649 1202 706 de
1221 644 1293 709 Luc.
1304 647 1372 709 Var.
1393 647 1484 708 Poeta

324 771 354 831 p.
365 753 417 817 77.
432 771 496 830 rqq.
511 758 541 811 et
564 752 601 811 de
621 752 703 815 Cara.
718 749 812 813 Parm.
831 772 862 832 p.
881 754 954 818 226.
970 769 1050 829 rqq.,
1068 757 1101 810 nt
1119 768 1166 809 rea
1181 748 1345 809 notiaeimaa
1355 754 1484 827 nepetae

324 854 564 936 operaepretium
576 872 634 913 non
647 855 700 925 uit3
717 852 753 911 cl.
769 854 949 913 Drumonnr'
969 852 1100 932 „Gouola
1114 849 1235 912 Romr“
1249 859 1305 910 etc.
1322 850 1373 911 ΙΙΙ,
1392 853 1418 927 §.
1430 853 1482 913 71.

324 974 356 1035 p.
370 953 461 1032 711.,
482 957 508 1031 §.
525 956 578 1017 72.
601 976 632 1035 p.
651 955 721 1018 132.
758 955 851 1013 Caroli
869 961 981 1033 antem,
1002 956 1051 1032 qni
1069 956 1159 1014 sertor
1172 953 1322 1033 Orpheus,
1342 970 1427 1029 quem
1438 953 1483 1014 lic

324 1055 403 1135 typis
421 1055 636 1115 describendum
652 1062 787 1115 curarunt
805 1058 844 1119 G.
863 1055 1037 1129 Fabricius,
1052 1058 1129 1129 Fea,
1144 1052 1385 1125 Brennum,
1402 1056 1484 1114 item·

325 1175 381 1234 que
394 1155 565 1217 Lambr'mra
577 1158 616 1217 ad
630 1158 692 1219 Sat.
707 1158 745 1235 1,
761 1161 819 1238 10,
834 1161 901 1236 62,
913 1158 1113 1217 Bormum
1127 1157 1157 1217 in
1169 1155 1260 1219 anth.
1270 1156 1322 1218 lat.
1338 1154 1363 1219 Ι.
1378 1176 1409 1235 p.
1421 1157 1483 1235 97„

330 1258 557 1334 Wmodorfiua
574 1260 603 1317 in
617 1258 700 1323 Poet.
716 1259 767 1320 lat.
781 1263 849 1323 inin.
869 1259 921 1320 111.
939 1279 968 1337 p.
981 1262 1073 1339 310„
1088 1260 1150 1337 alii,
1168 1258 1342 1336 compositae
1359 1258 1397 1316 alr
1412 1258 1484 1315 An·

326 1362 407 1419 unio
428 1362 565 1440 Tlryleaio
584 1369 647 1440 eat,
669 1380 742 1420 aare.
759 1363 811 1427 16.
831 1368 945 1423 oratore
961 1368 992 1422 et
1010 1368 1099 1442 poeta
1115 1360 1278 1421 dariuimo.
1310 1358 1377 1419 vid.
1394 1359 1485 1417 Wei-

326 1462 417 1521 0l2275·
439 1462 539 1543 661).
559 1469 632 1533 299.
666 1467 846 1527 Dissentiunt
867 1471 963 1525 nutem
988 1466 1041 1524 viri
1064 1465 1158 1541 docti,
1187 1468 1282 1521 utrum
1300 1460 1394 1519 Canaii
1414 1480 1484 1540 poe-

286 1564 294 1580 '
324 1571 404 1625 mata
424 1566 578 1630 laudentur
601 1590 638 1629 an
660 1571 866 1648 vituperentur.
908 1568 975 1627 Hoc
995 1566 1050 1625 eibi
1074 1563 1215 1645 pererrauit
1242 1563 1381 1640 Heyru'ua
1409 1562 1483 1645 (Vri.

327 1666 392 1727 Tib.
408 1688 438 1747 p.
452 1664 617 1751 LXXIV.)‚
637 1672 756 1731 credidit
771 1688 835 1729 cum
855 1669 918 1728 aliia
936 1666 1109 1745 Spalim,
1134 1666 1183 1743 qui
1203 1664 1286 1726 Caaa.
1305 1663 1486 1727 Parmenaem

326 1777 357 1832 et
384 1770 537 1830 Etruscum
564 1774 685 1832 eundem
719 1774 853 1851 opinatus
878 1768 972 1850 (qnod
997 1770 1099 1829 falsum
1129 1787 1192 1829 erae
1210 1769 1365 1829 luculenter
1390 1766 1487 1827 docuit

330 1872 521 1933 Weiclrenua
547 1893 577 1952 p.
594 1870 782 1953 265-69.)
814 1870 961 1950 opuscula
983 1871 1088 1929 vinear
1109 1889 1149 1929 ac.
1170 1876 1250 1931 vaato
1273 1870 1399 1940 ambitu,
1427 1886 1486 1927 non

326 1974 503 2053 praestantia
526 1973 582 2033 dici
606 1976 723 2039 cenauit.
759 1973 867 2045 Quidni
890 1974 993 2032 evincat
1022 1972 1202 2032 multitudine
1219 1972 1370 2047 librorum,
1390 1974 1425 2029 ut
1442 1970 1487 2027 in-

327 2081 501 2154 terpretatur
514 2080 560 2133 eat
575 2075 800 2135 Ruluakenc‘uol
826 2074 869 2135 At
881 2095 916 2135 ex
930 2076 1006 2135 omui
1020 2075 1225 2133 sententiarum
1241 2074 1341 2133 ordine
1354 2076 1488 2149 apparet,

327 2178 480 2238 Horatium
495 2179 655 2255 peruenturi
669 2178 830 2255 Tibullum,
849 2182 997 2258 pangatue
1010 2176 1148 2252 carmina,
1165 2176 1323 2255 quaeipsis
1342 2174 1488 2233 Cassiania

328 2280 456 2357 quamvis
473 2278 594 2356 egregiis
614 2287 771 2358 praestent.
806 2279 964 2357 Opuoouln
989 2282 1085 2337 autem
1106 2277 1168 2335 aine
1186 2277 1274 2339 dubio
1292 2277 1489 2355 intelliguntur

328 2378 435 2455 elegiae
456 2396 563 2454 eaeque
583 2383 746 2443 amatoriae.
781 2381 897 2439 Etenim
922 2381 1063 2449 morus,
1083 2379 1403 2455 renumerationis,
1425 2378 1488 2435 ali-

330 2491 404 2559 quot
413 2478 576 2558 generibus
590 2480 694 2538 sedum
717 2484 866 2555 exercuit,
887 2484 964 2539 inter
983 2502 1061 2561 quae
1081 2481 1213 2560 elegr'acu
1227 2492 1255 2539 et
1268 2483 1489 2560 epigrammata

330 2580 505 2639 medanum
540 2581 606 2640 Hoc
624 2589 718 2642 eutem
734 2584 872 2645 vocabulo
887 2586 996 2644 minora
1015 2585 1105 2645 omnia
1121 2584 1234 2662 geneda
1250 2590 1383 2664 poemata
1401 2582 1490 2659 rigui·

329 2682 416 2760 ficari,
432 2682 559 2761 pluribur
572 2684 778 2747 demonstravit
787 2688 1050 2763 accuratissimeque
1060 2704 1173 2745 ornnem
1182 2705 1242 2745 rem
1253 2687 1385 2747 mutavit
1401 2684 1490 2743 Wei-

331 2783 562 2864 0111νί61661).
580 2786 773 2853 239—243.
803 2789 884 2847 ldem
901 2794 1053 2849 renuerunt
1071 2786 1280 2860 Waeundiuo,
1300 2786 1488 2856 solemmter,

331 2886 485 2943 Matthiae
509 2888 539 2945 in
561 2889 708 2965 „Grundn
729 2894 780 2951 der
802 2892 908 2954 Geach.
930 2893 982 2950 der
997 2889 1048 2947 Gr.
1064 2908 1092 2947 u.
1110 2886 1291 2950 Rom.1.ir.“
1308 2910 1336 2968 p.
1357 2890 1427 2953 186.
1441 2888 1488 2949 ed.

331 2988 376 3063 3.,
399 2988 572 3047 Paldamua
584 2992 615 3050 in
636 2991 741 3068 „Ram
756 2993 879 3053 Erotilr“
896 3014 925 3073 p.
941 2996 994 3056 76.
1018 2992 1176 3069 Gmppiur
1189 2990 1209 3050 l.
1224 2990 1243 3050 l.
1258 3008 1289 3068 p.
1307 2992 1384 3054 390.
1403 2989 1491 3050 Orel-

331 3090 391 3147 liua
410 3094 504 3149 autern
520 3091 653 3172 intelligit
675 3099 705 3153 et
723 3095 829 3173 elegiae
848 3100 880 3153 et
898 3094 1119 3173 epigrammata,
1142 3094 1308 3154 Werzeliua
1319 3094 1491 3171 tragoediae,

335 3190 562 3267 Wemodorfiuu
577 3194 632 3255 1.1.
647 3196 685 3255 Il.
703 3217 732 3276 p.
747 3198 818 3261 261.
834 3196 959 3255 earmina
973 3195 1116 3271 bucolica,
1135 3195 1338 3274 Spaldutgmu
1350 3196 1388 3256 ad
1401 3196 1492 3265 Quin-

331 3298 374 3359 til.
397 3297 469 3360 Inst.
491 3298 510 3360 5
529 3340 538 3369 ‚
557 3296 614 3371 11,
642 3295 693 3361 24.
717 3297 937 3378 epigrammata,
960 3296 1139 3356 Huschkiue
1163 3299 1194 3357 in
1212 3296 1315 3376 Leipz.
1335 3294 1392 3358 Lit.
1416 3296 1490 3355 Zeit.

333 3398 425 3464 1825.
447 3398 484 3459 N.
503 3400 575 3463 237.
590 3399 734 3475 quandem
750 3400 791 3457 rei
813 3398 968 3457 amatoriae
985 3400 1191 3476 narrationem,
1215 3391 1492 3477 quam„1.iebesro

332 3505 418 3561 man“
436 3518 583 3575 vocamur,
601 3500 648 3559 alii
662 3500 732 3577 alia,
748 3519 820 3577 quoa
833 3500 941 3559 refutat
957 3500 1163 3565 Wrelandiua.
1183 3503 1317 3563 Ceterum
1331 3502 1491 3578 fragmenta

333 3608 497 3683 poematum
521 3603 722 3662 (insulanorum
747 3602 862 3680 collegit
889 3608 978 3677 atque
1003 3602 1207 3680 interpretatur
1233 3612 1278 3663 eat
1299 3600 1492 3663 Wareheruu

334 3726 364 3785 p·
379 3704 453 3769 276.
465 3722 531 3781 aqq.
553 3706 619 3765 Hac
631 3706 695 3784 ipae
709 3712 805 3765 antem
818 3703 912 3762 Caerii
926 3702 1026 3779 laude,
1044 3705 1094 3780 qni
1113 3724 1188 3765 unua
1208 3707 1299 3766 fuerat
1311 3707 1349 3764 de
1360 3702 1492 3763 Caesarie

333 3806 558 3866 interfectoribus
582 3812 612 3867 et
633 3807 748 3867 obeam
765 3824 879 3865 caueam
896 3806 975 3864 iouu
990 3804 1116 3885 Augusti
1132 3827 1160 3869 a
1175 3830 1204 3868 u
1225 3804 1298 3872 724.
1315 3804 1493 3879 interiectae,

333 3909 472 3969 Horatius
486 3909 659 3969 luculentum
675 3910 754 3969 dedit
771 3926 840 3967 auae
856 3908 886 3964 in
900 3908 1118 3970 commilitonem
1134 3910 1272 3971 amicitiae
1284 3911 1493 3968 documentum

335 4014 380 4071 Cf.
401 4012 433 4071 0.
451 4015 580 4071 Pursov.
606 4012 626 4072 Ι.
640 4012 662 4073 1.
684 4033 713 4090 p.
729 4009 860 4072 xxxvl.

419 4114 453 4173 V.
474 4111 504 4175 4.
524 4114 553 4177 5.
581 4112 638 4171 An
659 4146 702 4159 --
719 4116 843 4173 meierum
859 4108 924 4168 eut?
949 4108 1016 4184 „An
1036 4110 1181 4170 reminuiua
1199 4116 1230 4169 te
1245 4112 1392 4170 ambulare
1405 4111 1496 4169 dicam

334 4236 386 4296 per
402 4215 528 4277 salubres
546 4215 678 4274 silvarum
694 4214 810 4274 umbrae
823 4218 974 4285 totumque
987 4212 1017 4269 in
1027 4214 1071 4288 iia,
1087 4232 1160 4289 quae
1172 4213 1330 4290 sapientem
1343 4210 1468 4272 decenti
1477 4213 1496 4245 “

335 4318 420 4377 Hanc
435 4321 531 4376 autem
554 4315 637 4396 liujus
659 4315 712 4377 loci
730 4314 901 4375 sententiam
917 4312 987 4371 mire
1009 4314 1134 4374 tmbavit
1150 4316 1231 4375 varia
1249 4332 1284 4372 ac
1304 4330 1397 4389 paene
1414 4310 1497 4369 dirui-

335 4417 408 4479 milia
418 4418 666 4497 interpretantium
681 4420 764 4478 rufio.
806 4416 921 4475 Etenim
934 4413 1012 4474 bona
1021 4434 1120 4477 eorum
1141 4436 1209 4497 para
1222 4414 1333 4474 Tibulli
1343 4414 1389 4473 hie
1407 4412 1498 4472 rentit

336 4536 494 4581 moerorem
520 4538 554 4580 ex
581 4522 671 4599 curie,
702 4539 774 4599 quaa
802 4538 882 4581 amor
908 4515 1010 4594 habet,
1033 4522 1158 4583 enatum.
1199 4515 1241 4577 Δ1
1267 4517 1413 4595 quomodo
1431 4512 1498 4575 talia
