3450 5334
358 508 424 574 336
475 506 764 573 comerrien
776 509 820 571 lN
834 505 1001 574 ΗΟΒΑΤΠ
1016 508 1092 573 LIB.
1106 512 1130 572 I.
1146 506 1273 573 EPtST.
1283 509 1400 575 SEXT.
1481 508 1526 575 64

357 700 451 781 Epist.
464 702 495 778 2,
517 702 549 775 2,
570 697 658 777 101.)
679 697 761 774 hujus
784 700 933 777 praecepti
954 700 1035 776 quasi
1055 706 1155 761 auctor
1173 698 1366 778 perhibeatur,
1391 708 1525 761 accurate

359 806 493 864 enodavit
513 802 559 864 N.
578 800 718 859 Baclriua
742 802 822 860 etin
842 802 911 861 edit.
939 821 970 880 p.
997 803 1050 867 20.
1075 804 1154 862 etin
1179 803 1341 861 Zimnrernr.
1370 803 1523 882 „allgem

356 906 494 966 Schulz.“
513 904 551 963 II.
576 904 668 967 1833.
691 923 723 982 p·
733 902 795 964 561
818 921 896 980 sqq,
916 902 964 961 ubi
984 903 1066 962 simul
1087 922 1185 963 eornm
1206 905 1354 983 explosum
1379 912 1425 965 cst
1445 926 1525 967 com-

355 1015 497 1084 mentum,
523 1005 590 1083 qui,
616 1011 650 1063 ut
676 1003 873 1063 Wielandins
889 1006 927 1063 ad
946 1005 974 1064 lr.
994 1003 1014 1062 l.
1041 1005 1082 1065 N.
1106 1007 1174 1081 10,
1193 1014 1308 1084 poetam
1331 1008 1409 1067 illum
1429 1010 1459 1069 in
1482 1010 1525 1067 ci-

356 1112 475 1172 tharista
491 1110 612 1187 quadam
629 1108 835 1185 sexagesimum
850 1126 954 1167 annum
974 1114 1107 1185 egentem
1127 1110 1233 1167 arsisse
1254 1112 1361 1190 opinati
1382 1118 1464 1184 sunt3
1484 1111 1524 1169 cf.

355 1212 527 1275 Paldamua
546 1211 577 1268 in
599 1208 722 1285 „Roenn
734 1208 861 1267 Erotilr“
878 1231 908 1289 p.
924 1213 974 1276 12.
997 1217 1027 1270 et
1052 1210 1092 1269 G.
1110 1212 1156 1269 H.
1174 1210 1261 1268 Bode
1278 1212 1309 1270 in
1324 1212 1524 1289 „Geschiclrtc

356 1319 409 1377 der
428 1311 629 1377 Hellenisclren
648 1310 845 1373 Dichtlrunst“
864 1312 900 1373 11.
921 1332 951 1390 p.
966 1308 1029 1377 247
1052 1331 1117 1390 sqq.
1135 1314 1272 1391 imprimis
1292 1333 1322 1392 p.
1339 1313 1411 1377 250.
1432 1311 1472 1371 N.
1490 1314 1523 1375 1.

355 1442 386 1501 p.
408 1420 481 1483 251.
502 1416 544 1475 Ν.
565 1410 596 1475 4.
620 1413 769 1493 Porphyr.
791 1434 834 1474 ex·
845 1433 900 1473 ms.
920 1414 1035 1473 Monac.
1058 1418 1164 1475 rectius
1185 1434 1270 1491 quam
1294 1417 1322 1473 in
1348 1415 1423 1493 vulg.
1447 1414 1522 1473 cdd:

355 1522 563 1601 „Mimnermus
585 1517 740 1595 elegiarum
768 1520 892 1597 scriptor
917 1518 989 1593 fuit,
1024 1518 1072 1593 qni
1094 1519 1124 1575 in
1148 1518 1270 1595 quadam
1296 1517 1397 1595 ecloga
1416 1516 1523 1577 Hiero-

355 1625 432 1701 nymi
461 1628 570 1680 sectam
598 1622 799 1680 commendans
830 1638 968 1679 summurn
997 1619 1103 1679 bonum
1126 1619 1310 1679 indolentiam
1341 1619 1397 1695 ait,
1438 1636 1522 1695 qnam

355 1726 461 1787 Graeci
484 1717 670 1805 ἀναλγησίαν
690 1723 866 1781 nominent“
893 1728 949 1782 cto.
992 1720 1125 1781 Laudant
1152 1720 1280 1801 plerique
1310 1741 1409 1781 omnes
1429 1719 1518 1799 Prop.

355 1835 394 1907 1,
426 1827 463 1906 9,
495 1830 545 1891 11.
569 1828 620 1891 12.
664 1824 744 1884 Plus
765 1826 799 1883 in
818 1844 920 1884 autore
939 1824 1023 1884 valet
1041 1825 1218 1884 Mimnermi
1241 1844 1345 1882 verene
1368 1824 1519 1897 Homero,-

354 1932 492 1991 carmina
508 1938 683 1987 massuetus
706 1926 788 1985 lenia
812 1929 932 2007 quaerit
953 1928 1059 1989 Anoor.
1103 1927 1189 1996 Quod
1209 1928 1289 1985 addit
1308 1925 1445 1987 Horatius
1464 1929 1520 1999 jo-

352 2037 468 2115 cusque,
492 2038 538 2091 est
558 2036 591 2089 nt
609 2030 704 2108 Epist.
727 2033 759 2107 2,
781 2033 813 2106 2,
835 2030 900 2108 56,
924 2030 971 2089 ubi
987 2035 1087 2103 jocos,
1112 2048 1261 2100 canaan,
1283 2029 1443 2100 convivia,
1468 2027 1519 2085 lu-

352 2139 427 2199 dum
450 2136 605 2215 conjungit.
649 2133 682 2191 In
703 2135 824 2192 eandem
849 2137 1019 2195 sententiam
1039 2132 1132 2211 Epist.
1160 2135 1191 2207 1,
1213 2129 1264 2208 14,
1285 2132 1337 2193 36.
1383 2130 1450 2189 Nee
1470 2129 1518 2188 lu-

350 2243 424 2300 sisse
435 2239 544 2319 pudet,
580 2236 637 2296 eccl
657 2256 718 2295 non
738 2235 870 2295 incidere
891 2236 1008 2295 ludam.
1053 2234 1100 2296 lle
1121 2234 1235 2295 Horatii
1254 2236 1343 2313 ipsius
1363 2232 1516 2311 amor-ibus,

351 2344 454 2421 quibus
472 2362 505 2401 se
524 2339 669 2398 militasse
690 2358 752 2397 reon
771 2340 837 2396 aine
853 2337 957 2417 gloria
975 2338 1127 2418 profitetur
1146 2336 1205 2395 Od.
1226 2336 1258 2412 3,
1283 2338 1341 2413 26,
1363 2340 1406 2413 1.,
1425 2354 1517 2415 nuper

352 2447 438 2505 docte
459 2446 591 2525 exposuit
617 2439 737 2521 Teuffel
759 2441 790 2499 in
807 2438 936 2499 Seebod.
965 2438 1133 2516 „Archiv“
1161 2434 1256 2503 1840.
1279 2438 1327 2497 Vl.
1347 2438 1378 2501 3.
1401 2459 1430 2517 p.
1452 2438 1516 2504 325

350 2566 417 2625 sqq.
441 2578 486 2591 -
511 2544 545 2603 V.
569 2544 620 2605 67.
669 2542 759 2612 ῙΓινσ,
779 2541 856 2601 ναῖε.
898 2543 942 2602 Itu
961 2540 1069 2603 Auson.
1091 2540 1185 2619 Epist.
1207 2540 1261 2617 20,
1285 2542 1335 2605 18.
1358 2562 1393 2601 ex
1413 2541 1517 2600 usitata

350 2647 528 2708 valedicendi
546 2643 667 2705 formula
691 2651 722 2703 ut
742 2645 805 2704 Sat.
832 2648 863 2722 2,
887 2645 919 2721 5,
942 2644 1016 2707 110.
1039 2645 1107 2702 eive
1121 2644 1256 2723 valeque,
1272 2642 1343 2722 ibiq.
1364 2643 1469 2704 Heind.
1485 2648 1515 2700 et

350 2749 469 2827 Forbig.
491 2737 535 2807 al
549 2746 628 2825 Virg.
650 2745 714 2806 Ed.
738 2749 775 2824 8,
811 2746 863 2809 58.
906 2744 1516 2826 Burm.autntu.1at.11.p.196.-

348 2855 458 2913 rectius
476 2852 551 2914 isus.
595 2850 669 2911 Sunt
689 2852 738 2934 qui
761 2849 811 2908 Ιιιζν
830 2850 947 2929 proprie
971 2850 1121 2909 dicendum
1141 2852 1229 2910 fiisse
1250 2851 1400 2929 opinentur
1407 2889 1419 2926 ,
1457 2848 1514 2905 vid.

347 2956 452 3018 Heind.
474 2956 511 3012 ad
532 2954 594 3013 Sat.
618 2954 654 3029 1,
684 2956 723 3030 2,
752 2953 822 3028 78,
856 2953 909 3011 sed
935 2971 997 3010 voc.
1022 2952 1089 3008 ιζνιίε
1109 2970 1190 3011 snum
1210 2953 1256 3011 hic
1276 2951 1387 3015 obtinet
1408 2952 1513 3029 locum,

347 3076 433 3135 quum
457 3058 499 3115 nti
524 3054 656 3115 Orelliue
675 3054 887 3131 interpreteris:
920 3071 1024 3129 „quae
1045 3060 1076 3112 tn
1101 3074 1177 3113 nunc
1196 3057 1287 3135 ipsum
1308 3054 1422 3133 legis.“
1465 3054 1511 3113 Cf.

347 3158 451 3237 Wagn.
475 3160 531 3228 Qu.
550 3154 759 3235 vervaffll.
779 3184 823 3199 -
842 3153 1006 3227 candidus,
1032 3160 1064 3213 ut
1084 3156 1233 3215 candellae
1244 3158 1344 3231 judea
1363 3157 1456 3234 Epist.
1480 3158 1511 3231 1,

347 3258 380 3339 4,
406 3264 448 3336 1.,
468 3260 488 3318 i.
516 3278 542 3318 e.
569 3260 618 3335 qui
643 3256 763 3336 simplici
782 3256 876 3315 animo
901 3258 1073 3316 sententiam
1095 3278 1176 3319 suam
1193 3260 1328 3321 declarat.
1372 3260 1405 3319 ln
1424 3260 1511 3319 totius

347 3365 507 3424 sententiae
532 3360 741 3420 similitudinem
759 3356 875 3419 laudant
895 3359 986 3419 Isocr.
1000 3360 1037 3417 ad
1061 3358 1166 3419 Nicloi.
1189 3362 1241 3425 86.
1264 3366 1328 3443 χρῶ
1345 3366 1409 3435 τοῖς
1431 3361 1512 3443 εἰρη-

346 3464 465 3548 μένοις,
487 3460 509 3544 ἢ
530 3456 609 3543 ζήτει
631 3462 737 3541 βελτίω
757 3454 885 3537 τούτων,
907 3460 1008 3521 isidor.
1030 3458 1166 3523 Pelusiot.
1190 3466 1222 3543 3,
1244 3466 1296 3529 95.
1342 3463 1404 3527 Καὶ
1417 3467 1511 3527 ταῦτα

346 3564 402 3648 plu
427 3559 499 3646 παρ’
522 3562 623 3645 ἡμῶν.
675 3562 721 3625 El
745 3560 780 3626 dl
805 3585 852 3638 τις
878 3562 939 3644 ἕχον
964 3566 1083 3646 {letales
1112 3564 1225 3648 λέγειν,
1264 3566 1317 3629 nal
1339 3562 1511 3630 α’κονὲσθω.

345 3668 438 3729 Plaut.
459 3666 545 3745 Epid.
566 3669 605 3743 2,
631 3667 670 3744 2,
694 3665 748 3727 80.
790 3662 907 3739 Immo,
927 3668 955 3725 si
969 3666 1126 3746 placebit,
1151 3672 1243 3727 utitor
1268 3670 1452 3729 Consilinum:
1482 3670 1513 3726 si
1607 3678 1615 3695 ’

346 3792 407 3830 non
423 3767 581 3848 placebit,
605 3768 758 3846 reperitote
777 3770 896 3829 rectius.
939 3770 993 3831 His
1014 3772 1088 3830 adde
1108 3770 1182 3831 Plat.
1206 3774 1243 3830 de
1262 3769 1358 3852 Legg.
1380 3776 1413 3851 7,
1434 3776 1455 3835 7
1457 3770 1508 3834 96.

344 3873 443 3952 (quem
462 3873 557 3931 locum
575 3870 694 3931 contudit
718 3869 948 3945 Groomonnus,
969 3871 1002 3933 V.
1023 3874 1107 3953 Erc.‚
1127 3876 1156 3933 in
1170 3874 1301 3954 Epistola
1320 3882 1377 3936 etc.
1399 3896 1430 3953 p.
1455 3872 1509 3937 10.

345 3976 411 4037 coil.
427 3996 483 4036 ven
495 3975 607 4036 Heusd.
624 3982 654 4035 et
666 3972 772 4035 sulib.
787 3975 825 4033 ad
838 3972 949 4035 Phileb.
965 3978 1023 4055 60,
1038 3980 1085 4050 d.;
1097 3977 1222 4057 Republ.
1238 3974 1320 4055 430,
1335 3976 1364 4035 b.
1380 3970 1454 4051 497,
1468 3974 1510 4053 a.)

344 4078 375 4142 el
400 4075 434 4143 il
458 4074 527 4141 τινᾶ
550 4071 665 4157 ταύτης
691 4073 780 4158 circeia
805 4074 882 4156 ἔχετε
906 4077 1031 4157 βελτίω,
1066 4076 1173 4155 θέντες
1203 4080 1247 4155 εἰς
1273 4072 1381 4142 κοινόν
1404 4074 1510 4159 λέγετε.

346 4181 407 4241 Cic.
431 4180 521 4241 Tusc.
545 4180 577 4259 5,
605 4182 657 4258 28,
679 4181 732 4247 82.
776 4177 884 4239 Habes
907 4200 985 4259 quae
996 4180 1164 4259 fortissime
1187 4182 1224 4241 de
1248 4180 1337 4240 beata
1361 4182 1426 4240 vita
1447 4178 1512 4237 diei

336 4294 462 4362 putem:
484 4294 515 4341 et
537 4303 596 4364 qno
616 4283 704 4341 modo
724 4303 808 4343 nunc
827 4293 883 4354 eet,
904 4284 966 4341 nisi
984 4285 1062 4362 quid
1079 4296 1113 4345 tu
1125 4284 1233 4343 emelim
1248 4283 1398 4355 attuleris,
1418 4284 1510 4340 ctiam

343 4388 513 4446 νιηένειιπιε.
560 4386 615 4463 [Er
633 4385 689 4445 hoc
709 4385 774 4446 loco
795 4393 881 4446 etex
903 4387 979 4444 omni
999 4407 1106 4465 genere
1128 4388 1228 4447 summi
1249 4387 1327 4463 boni,
1348 4385 1425 4462 quod
1438 4402 1509 4464 pro-

343 4490 441 4566 posuit
460 4489 561 4564 Poetn‚
584 4488 659 4549 haud
679 4490 740 4550 scio
762 4509 800 4549 nn
819 4488 905 4548 liceat
926 4489 1037 4566 conjici,
1056 4508 1120 4547 enm
1139 4497 1284 4549 recentem
1303 4488 1424 4548 lectione
1443 4485 1510 4545 libri

342 4590 432 4667 quinti
452 4588 679 4653 Tusculanorum
699 4591 810 4670 trisse]
851 4590 1039 4653 Horat'enum
1057 4591 1152 4653 locum
1171 4593 1294 4653 imitatus
1314 4591 1424 4652 videtur
1435 4588 1508 4651 Hie-
