3450 5334
380 525 661 585 COMMENTARII
678 527 720 584 ΙΝ
741 523 908 584 flolts'm
927 525 1059 585 EPIST.
1080 526 1188 584 PRlM.
1211 526 1288 585 LIB.
1308 529 1332 584 1.
1390 517 1430 587 77

271 697 395 754 rationis
415 691 567 776 praesidis
588 693 683 752 muris
705 695 872 773 comparari
892 695 1008 769 solent3
1039 694 1101 753 vid.
1127 694 1238 754 Barth.
1264 694 1303 754 ad
1324 691 1430 754 Claud.

270 801 321 858 tv.
344 800 435 858 Cous.
458 799 570 856 Honor.
595 796 666 859 108.
688 818 718 876 p·
741 795 814 860 676.
836 799 870 853 in
893 794 990 855 Laud.
1013 797 1108 856 stilic.
1130 795 1169 872 4,
1200 797 1271 861 188.
1292 819 1323 878 p·
1344 797 1430 870 820..

269 903 362 976 Corn,
386 902 499 974 wass,
520 895 677 956 Kunhsrd.
702 896 741 956 sd
762 899 837 957 sall.
855 899 919 958 Get.
944 898 1002 973 68,
1027 901 1076 961 17.
1098 901 1284 978 Wesseling.
1306 899 1346 958 sd
1365 902 1433 958 An-

270 1015 333 1061 ton.
355 1005 457 1060 itiner.
480 1021 510 1080 p·
529 997 602 1062 446.
623 997 717 1058 Drek.
740 1000 780 1060 sd
800 1001 855 1062 Sil.
881 1003 933 1075 16,
955 1000 1006 1062 68.
1027 1003 1131 1060 surm.
1156 999 1195 1060 ad
1215 1000 1310 1061 Anth.
1331 1004 1384 1061 let.
1406 1005 1429 1059 1.

270 1127 300 1185 p.
323 1103 373 1168 84.
395 1105 469 1169 728.
496 1105 574 1160 Hinc
596 1121 658 1160 non
681 1106 828 1162 assentior
848 1104 1013 1178 Lambino,
1036 1107 1090 1184 qui
1107 1107 1265 1163 Horatium
1281 1116 1435 1185 spectasse

271 1209 412 1286 opinatur
440 1208 543 1265 locum
566 1205 657 1263 illum
684 1207 820 1264 Platonis
852 1205 891 1263 de
920 1208 1015 1284 Legg.
1040 1209 1071 1269 6.
1101 1228 1134 1287 p.
1157 1207 1232 1270 878.
1263 1212 1358 1289 χαλκᾶ
1378 1206 1431 1271 sai

272 1311 382 1391 σιδηρᾶ
410 1307 475 1370 δεῖν
503 1303 582 1370 εἶναι
601 1303 638 1370 τοί
665 1308 747 1388 τείχη
777 1311 892 1388 μᾶλλον
919 1301 942 1388 ἢ
968 1300 1069 1391 γήϊνα.
1115 1307 1251 1368 Sohmid.
1278 1321 1431 1390 comperet

270 1415 402 1490 χαλκοῦν
422 1410 475 1472 ταί
496 1403 704 1490 ἀδαμάντινον
728 1417 825 1491 τεῖχος
847 1430 896 1491 ap.
920 1407 1064 1469 Aeschin.
1089 1412 1121 1468 in
1142 1411 1276 1493 ctesiph.
1302 1414 1373 1492 [76.
1396 1435 1428 1492 p.

271 1516 323 1576 71.
349 1511 398 1572 οδ.
422 1513 549 1590 Bremi].
594 1513 712 1570 Ἐλαίαν.
732 1513 765 1571 in
786 1514 922 1591 Conject.
942 1515 1077 1572 verisim.
1091 1513 1122 1590 8,
1146 1513 1196 1578 14.
1224 1518 1340 1576 confert
1362 1537 1432 1574 mu-

271 1637 339 1673 rum
350 1615 490 1692 serrium
507 1635 556 1695 sp.
575 1617 680 1694 Veget.
701 1619 738 1674 tt.
756 1617 822 1672 Mil.
840 1619 870 1690 2,
888 1616 954 1691 17.,
975 1615 1039 1674 vid.
1054 1615 1145 1676 Both.
1163 1616 1202 1676 sd
1216 1620 1320 1677 Fssm.
1344 1616 1432 1677 Adde

271 1720 395 1776 Lucisn.
412 1717 450 1776 de
468 1719 608 1776 salumn.
628 1737 691 1777 non
703 1728 818 1776 temere
834 1717 915 1776 cred.
940 1739 966 1775 c.
982 1721 1035 1783 20.
1057 1751 1093 1764 —
1113 1713 1319 1801 ἀδαμάντινον
1336 1728 1432 1801 τεῖχος

270 1824 327 1899 τῆς
348 1825 452 1902 φνχῆς
472 1817 717 1903 προβεβλημένος
734 1851 787 1883 -.
809 1824 844 1879 ln
869 1818 959 1899 hujus
980 1823 1041 1880 loci
1061 1822 1125 1880 fere
1142 1844 1267 1883 sensum
1284 1825 1371 1881 Plato
1393 1821 1432 1880 de

272 1923 346 2001 Rep.
372 1926 403 1985 2.
428 1944 459 2002 p.
477 1925 552 1987 696.
579 1922 627 1982 ed.
640 1919 725 1980 ttrkf.
747 1923 919 1999 juvenibus,
942 1925 995 2004 qui
1015 1928 1166 1985 erectioris
1187 1947 1294 1985 sensns
1315 1945 1380 1985 esse
1402 1931 1432 1982 et

273 2025 366 2082 velint
390 2035 420 2082 et
442 2024 586 2102 debeant,
614 2023 693 2082 illud
713 2022 837 2083 Pindari
861 2024 976 2083 dictum
1000 2029 1157 2107 proponit:
1192 2023 1326 2109 Πότερον
1346 2029 1433 2092 δίκας

272 2131 367 2206 τεῖχος
384 2121 483 2208 ὕψιον
499 2123 522 2210 ἢ
540 2129 662 2201 σκολιᾶς
676 2121 795 2202 οίποίτας
811 2122 930 2209 α’ναβοίς
942 2125 996 2190 καλ
1008 2125 1138 2209 ίμαοτδν
1153 2125 1233 2192 οὕτω
1245 2120 1432 2210 περιφράξας

272 2229 401 2307 διαβιοῖ,
430 2230 482 2289 Sic
505 2228 698 2290 Antisthenes
720 2251 769 2310 ep.
793 2231 882 2309 Diog.
902 2232 1003 2290 Lair-t.
1027 2235 1066 2306 6,
1090 2233 1142 2297 13.
1178 2238 1278 2312 Τεῖχος
1299 2223 1432 2308 δσφαλί-

274 2351 381 2395 στατον
403 2325 552 2412 φρόνησιν
577 2326 714 2413 (εἷναι)·
737 2330 811 2414 μήτε
832 2328 889 2415 χείρ
910 2332 1089 2414 καταρρεῖν,
1124 2332 1200 2416 μήτε
1218 2333 1431 2414 προδίδοσθαι.

278 2435 363 2512 Τείχη
384 2433 640 2499 κατασκευαστέον
662 2434 697 2498 ἐν
716 2441 781 2509 τοῖς
804 2432 906 2497 αὑτοῖν
927 2428 1094 2513 τίναλοίτοις
1114 2441 1276 2520 λοχισμοῖς.
1299 2435 1339 2492 cf·
1353 2437 1384 2509 6,
1399 2437 1430 2498 6.

272 2535 358 2594 ldsm
378 2533 454 2620 (sp.
479 2535 572 2596 Orell.
598 2538 710 2618 Opuso.
736 2540 790 2597 Gr.
814 2547 890 2598 vett.
921 2549 1052 2598 sentent.
1078 2542 1117 2598 11.
1148 2561 1180 2621 p.
1204 2538 1257 2603 64.
1285 2558 1333 2596 nr.
1358 2531 1431 2620 68.)

273 2637 353 2711 iios
372 2633 410 2701 τοί
432 2638 514 2718 τείχη
536 2643 596 2700 τῶν
611 2633 731 2703 πόλεων
753 2634 833 2704 εἶναι
858 2637 993 2724 σφαλεροὶ
1015 2637 1094 2724 πρδς
1116 2637 1168 2706 τδν
1190 2639 1247 2705 ἔσω
1266 2635 1431 2723 προδότην,

273 2735 424 2804 α’σιίλεντα
448 2737 482 2804 δὲ
501 2736 538 2803 τὰ
562 2745 618 2821 της
635 2746 738 2822 ψυχῆς
758 2741 810 2804 καί
838 2736 966 2824 ippum
1008 2743 1060 2802 Sio
1086 2753 1202 2801 veteres
1228 2741 1431 2822 Pythagorici

274 2845 383 2923 (Oreil.
410 2848 435 2904 1.
458 2864 490 2920 p.
515 2840 568 2906 34.
595 2863 643 2905 nr.
669 2843 766 2924 109.)
799 2837 891 2923 ’Iopis
907 2843 959 2906 καί
979 2851 1075 2925 τεῖχος
1094 2843 1147 2906 καί
1169 2841 1265 2908 ὅπλον
1288 2848 1388 2923 σοφοῦ
1407 2841 1431 2922 ἦ

273 2941 433 3025 φρόνησις.
476 2947 578 3005 Simili
598 2945 690 3004 modo
708 2943 883 3004 Alcidamas
903 2956 980 3004 teste
999 2949 1160 3007 Aristotele
1181 2949 1214 3004 in
1235 2944 1324 3004 Rhet.
1342 2947 1373 3019 8,
1394 2947 1427 3008 3.

271 3045 327 3128 τη“ν
358 3048 544 3129 φιλοσοφίαν
572 3047 756 3127 ἐπιτείχισμα
782 3051 845 3110 τοῖν
872 3040 977 3128 νόμων
1003 3051 1176 3129 appellarit.
1216 3051 1295 3106 Hinc
1319 3048 1427 3106 Senes.

273 3153 371 3227 Epist.
390 3149 444 3216 74.
490 3149 650 3209 Adversus
676 3149 731 3206 hos
754 3169 843 3208 castis
867 3149 1024 3208 munisndi
1044 3173 1169 3226 τιιπιιως
1198 3147 1304 3209 nullus
1329 3159 1431 3206 autem

273 3263 377 3312 eontra
385 3253 550 3332 fhrwmm
563 3251 809 3332 inexpugnabilis
820 3273 927 3310 murus
938 3264 992 3311 est.
1034 3253 1079 3314 ld.
1097 3253 1150 3318 82.
1174 3249 1374 3329 Philosophia
1389 3282 1428 3296 -

273 3354 519 3431 impugnabilis
531 3377 650 3428 munis,
665 3375 752 3435 quem
759 3355 894 3434 forium
905 3356 1010 3415 mulus
1024 3355 1173 3414 machinis
1186 3356 1357 3414 lacessitum
1369 3374 1430 3410 non

274 3459 389 3515 transit.
405 3456 724 3533 ef.cio.1³nrad.4‚1.
741 3460 834 3517 Τιιεο.
850 3455 1000 3535 5,14,41.
1022 3460 1093 3519 Jam
1101 3459 1430 3539 inpromptueritfflue·

273 3559 560 3621 rumaheneumnon
567 3562 705 3641 usurpari
712 3582 767 3640 pro
779 3572 859 3621 serto
871 3563 1195 3621 etimmutnbilisnimi
1203 3559 1332 3633 decreto,
1343 3568 1377 3617 ut
1388 3558 1430 3616 sit

272 3663 415 3720 Erasmus
423 3664 455 3720 in
463 3663 617 3744 Adsgg.2,
627 3667 677 3740 10,
691 3665 759 3739 96,
773 3683 933 3746 nequepro
945 3662 1090 3741 doctrina,
1106 3662 1250 3746 qnnnihil
1259 3663 1429 3721 firmiuste-

272 3763 407 3821 nendum
421 3765 477 3840 sit,
500 3776 534 3824 ut
546 3769 625 3824 inter
636 3767 694 3824 alis
710 3764 797 3825 docet
807 3769 998 3848 Despresius,
1016 3766 1071 3826 sed
1084 3789 1138 3848 pro
1152 3769 1340 3826 munimento
1355 3781 1429 3822 oon-

272 3867 415 3924 scientine
436 3868 521 3925 recti.
565 3870 612 3926 Its
635 3867 741 3928 Senes.
766 3871 864 3949 Epist.
891 3872 965 3934 105.
1001 3871 1181 3929 Securitatis
1199 3889 1314 3948 mgna
1327 3867 1429 3944 portio

273 3978 328 4037 est,
349 3965 430 4025 m'hil
448 3971 548 4048 iniqui
560 3971 679 4050 facere.
702 3972 759 4051 Ep.
783 3973 835 4034 97.
861 3983 929 4030 trito
947 3973 1059 4030 scelera
1080 3993 1141 4030 esse
1155 3982 1302 4050 posenni,
1323 3989 1429 4027 secura

273 4089 332 4126 non
345 4081 483 4148 possunt.
505 4106 549 4119 -
567 4075 679 4132 Prima
692 4085 720 4131 st
732 4077 866 4132 maxim
875 4079 1070 4154 peccantiam
1084 4087 1127 4133 ssi
1142 4095 1258 4153 poena,
1274 4093 1425 4151 peccasse.

271 4201 313 4213 ·—
338 4171 401 4229 Sed
416 4173 613 4234 nihilominus
627 4176 743 4234 ethaeo
765 4188 792 4233 et
809 4178 868 4236 illa
885 4178 1034 4237 secundae
1040 4197 1158 4257 poenas
1174 4186 1317 4255 premunt
1330 4195 1368 4233 ac
1381 4196 1428 4252 se-

273 4283 425 4350 quantur,
453 4278 553 4334 timere
573 4299 688 4357 semper
707 4289 735 4335 et
755 4299 946 4356 expavescere
965 4292 995 4338 st
1012 4282 1168 4338 securitati
1186 4279 1328 4358 diffidere.
1355 4279 1425 4338 Vsr.

272 4375 409 4434 Sentent.
435 4397 484 4454 ap.
505 4379 581 4437 Zell.
598 4400 629 4460 p.
654 4382 707 4442 67.
734 4401 781 4439 nr.
806 4381 880 4445 189.
903 4381 998 4440 Nihil
1013 4393 1056 4440 est
1076 4383 1226 4452 miserius,
1247 4403 1340 4463 quam
1358 4383 1429 4439 ani-

273 4495 338 4534 mus
358 4477 489 4536 hominis
510 4485 655 4541 conscius.
678 4483 752 4542 δατ.
773 4482 829 4560 18,
848 4485 922 4548 198.
946 4505 1022 4564 quos
1034 4483 1096 4542 diri
1109 4485 1230 4543 οοιιεσιλι
1238 4486 1327 4566 sacti
1337 4484 1428 4542 Mens

273 4575 361 4636 babet
381 4583 523 4640 attonitos
546 4616 583 4628 -·
605 4587 687 4649 228:
715 4587 765 4644 Hi
783 4597 856 4645 sunt
875 4589 931 4667 qui
949 4587 1102 4666 trepidant
1128 4599 1157 4646 et
1176 4588 1230 4678 ατί,
1239 4587 1341 4648 omnia
1351 4585 1428 4666 srd-
