3450 5334
574 1778 1239 1896 COMMENTARII

890 2020 934 2075 IN

310 2192 565 2267 'llllllA'l'll
598 2194 749 2268 hllllll
785 2199 814 2269 Ι.
865 2195 1185 2271 lll’lS'l'tllsAll
1223 2193 1485 2283 QuanAnt

810 2470 1020 2481 ——u—-u

328 2665 429 2755 Haec
440 2691 589 2771 Epistola,
611 2710 668 2770 qua
679 2688 817 2757 notanus
837 2695 1017 2776 Torquatum
1031 2697 1070 2757 ad
1084 2714 1203 2756 comam
1224 2694 1370 2771 quandem
1387 2695 1483 2775 frugu-

327 2798 384 2859 lem
402 2795 512 2874 vesperi
529 2796 682 2855 ineundam
699 2796 818 2879 inritat,
845 2820 963 2882 prorsus
979 2803 1078 2879 jocosa
1096 2804 1143 2857 est
1171 2802 1202 2855 et
1222 2795 1348 2856 ridicula.
1389 2796 1482 2857 Hilari

328 2902 403 2961 emm
418 2898 512 2959 animo
530 2896 621 2957 Poeta
631 2899 721 2959 amieo
731 2901 882 2978 pollicetur
894 2901 984 2962 lectos
998 2902 1038 2962 ad
1048 2897 1270 2963 aoeumbmdum
1285 2916 1346 2956 non
1361 2897 1482 2958 eburno·

327 3004 391 3063 illos
412 3001 527 3078 quidem
545 3000 727 3077 stroguluqne
744 3004 948 3081 pretiosissima
969 3011 1094 3081 umor,
1114 3001 1168 3059 aed
1179 3006 1275 3059 tamen
1286 2998 1325 3057 al)
1342 2998 1484 3077 elegantia

223 3105 226 3113 '
329 3106 521 3184 quodamnon
536 3100 621 3179 plane
638 3101 762 3181 alienos,
782 3124 900 3165 coenam
916 3124 975 3166 non
998 3104 1175 3165 mmvariam
1194 3108 1225 3161 et
1239 3101 1483 3177 oonqu'aitisn'mia

329 3204 398 3265 cibie
410 3206 596 3281 instructam,
617 3222 703 3280 quesn
718 3206 872 3285 simplicem
883 3215 913 3267 et
927 3208 1082 3285 frugalem,
1102 3222 1177 3283 quae
1197 3204 1274 3263 olera
1287 3204 1380 3261 omnis
1394 3223 1484 3283 gena-

329 3308 369 3366 ris
379 3304 563 3384 suppeditet,
582 3304 678 3363 vinum
697 3328 755 3367 non
768 3308 920 3370 Falernum
940 3311 1010 3369 illud
1024 3310 1139 3387 quidem
1155 3306 1296 3366 interioris
1312 3312 1414 3384 notae,
1433 3328 1482 3367 ve·

328 3414 486 3468 rurntamen
507 3405 584 3465 haud
604 3412 795 3484 spernendum
816 3418 846 3471 et
859 3414 914 3491 ita,
935 3419 969 3471 ut
991 3411 1147 3470 sioonvira
1158 3408 1258 3468 melius
1267 3408 1362 3468 afferri
1370 3410 1479 3488 jubeat,

328 3510 391 3589 ipse
415 3508 579 3569 convivator
603 3526 668 3567 earn
687 3508 779 3587 legem
805 3513 859 3572 sibi
884 3516 992 3591 imponi
1011 3532 1071 3573 non
1093 3517 1242 3590 gravetur3
1272 3509 1481 3587 qualiscumque

327 3614 424 3671 autem
443 3614 599 3689 apparatus
619 3610 674 3687 ait,
695 3630 745 3671 eos
767 3631 800 3671 se
819 3614 888 3674 boni
905 3614 1093 3676 oonrivaton's
1118 3618 1233 3691 partes,
1250 3630 1323 3689 quae
1340 3613 1479 3670 mundum

327 3732 363 3772 ao
373 3710 482 3770 lautum
494 3728 598 3770 ooenoe
612 3716 722 3788 patrem
736 3714 874 3793 deuant,
891 3723 1021 3775 aetorum
1035 3732 1099 3773 esse
1110 3716 1207 3790 jocosa
1221 3712 1369 3790 signifieat.
1390 3712 1479 3772 Prae-

328 3820 373 3874 ter
387 3814 460 3873 huno
473 3812 639 3871 munditiem
652 3812 709 3871 duo
721 3832 753 3873 aa
765 3816 807 3876 ait
819 3823 1049 3896 procuraturum,
1068 3816 1173 3875 amicos
1184 3813 1258 3873 fidos
1272 3820 1304 3874 et
1313 3834 1398 3895 pares
1416 3835 1480 3876 eos·

327 3933 384 3993 qne
403 3934 463 3975 non
477 3913 599 3992 multos,
618 3933 780 3992 quanquam
794 3919 953 3996 complures
966 3918 1070 3980 adduci
1087 3915 1217 3992 umbras,
1232 3918 1319 3976 modo
1332 3936 1370 3975 ne
1382 3937 1480 3977 eorum

327 4036 460 4077 numeros
481 4021 600 4095 propter
617 4015 795 4078 incommoda
815 4021 955 4095 quaedam
974 4021 1076 4078 nimius
1093 4020 1148 4096 sit,
1175 4036 1228 4097 per
1248 4036 1281 4076 se
1298 4018 1390 4079 lioeat.
1431 4019 1480 4079 Ad

327 4120 398 4179 haec
412 4118 531 4179 convivii
545 4117 650 4195 gaudia
666 4136 703 4176 ne
719 4119 831 4179 dubitet
843 4140 999 4200 properare
1015 4122 1200 4199 Torquatus,
1220 4128 1387 4200 praemonet
1402 4140 1479 4201 eum,

328 4227 361 4279 ut
382 4240 449 4281 cura
467 4237 559 4278 rerum
574 4218 727 4280 forensium
741 4221 845 4282 omissa
857 4221 1062 4304 aliquantisper
1081 4241 1114 4281 ae
1129 4223 1199 4280 dare
1216 4221 1286 4279 velit
1297 4223 1478 4302 jucunditati,

328 4327 440 4399 tempus
454 4321 530 4380 enim
543 4312 606 4379 erae
621 4326 831 4401 opportunum,
852 4326 986 4401 qnoniam
1004 4344 1067 4384 eros
1088 4326 1178 4382 instet
1197 4322 1259 4381 dies
1267 4331 1338 4384 nato
1353 4325 1476 4384 Caesare

328 4422 433 4500 festus,
462 4440 535 4499 quae
557 4419 731 4480 sollemnitas
749 4425 926 4485 vocationem
948 4427 1003 4487 fori
1024 4431 1091 4505 det,
1117 4445 1154 4485 ex
1177 4443 1235 4501 quo
1262 4425 1337 4485 hanc
1360 4426 1476 4502 quidem

328 4526 442 4580 noctem
461 4522 549 4581 amica
562 4520 789 4587 confabulatione
809 4527 968 4607 wigere
986 4535 1017 4589 et
1033 4534 1096 4589 tom
1115 4545 1215 4589 mmno
1235 4526 1385 4609 indulgere
1406 4528 1477 4609 ipsis
