3450 5334
342 497 407 565 316
450 497 735 562 CObiblENTARll
755 498 798 560 ΙΝ
819 498 986 561 HORATll
1007 500 1082 562 LlB.
1099 500 1123 562 1.
1137 499 1262 562 EPIST.
1277 501 1393 563 SEXT.
1456 500 1499 568 41

340 709 513 771 componere
534 689 620 764 solet,
640 689 699 746 vid.
721 696 819 748 annot.
843 689 881 747 ad
902 688 996 767 Epist.
1021 691 1051 765 1,
1075 691 1105 766 1,
1126 688 1179 752 37.
1203 694 1234 768 2,
1255 690 1310 754 88.
1333 688 1386 752 39.
1409 696 1440 750 et
1458 690 1497 749 cf.

340 796 403 855 Cic.
431 794 521 853 Tusc.
542 791 574 868 3,
598 792 631 869 3,
651 792 682 852 6.
725 789 765 850 At
787 799 912 867 quantus
934 796 963 851 in
987 792 1127 851 sententia
1152 792 1252 853 borum
1273 814 1405 853 versuum
1428 814 1498 853 eno-

339 899 436 957 danda
457 896 620 954 dissensus!
654 892 702 951 Ad
721 900 851 953 nostram
873 894 1089 971 explicationem
1109 897 1227 973 propius
1248 900 1388 957 accedunt
1420 898 1499 955 Ονιι-

339 1002 429 1081 qua'us
449 1006 480 1058 et
495 996 650 1055 Gesnems.
693 993 740 1056 De
761 997 884 1055 formula
904 996 999 1072 aliqua
1018 998 1216 1056 constituenda
1239 999 1409 1057 Torrentucs
1425 1016 1497 1074 quo-

339 1122 395 1184 que
416 1102 555 1179 disputat,
576 1099 630 1156 sed
650 1098 731 1157 addit
751 1106 867 1158 rectene
889 1098 1003 1158 dubito:
1039 1099 1141 1175 „Bene
1156 1100 1240 1176 igitur
1252 1099 1390 1162 Horatius
1411 1099 1498 1159 finem

338 1226 374 1265 ac
395 1203 546 1264 formulam
565 1200 689 1278 aliquam
710 1201 844 1260 constitui
866 1208 1001 1279 oportere
1022 1199 1217 1278 demonstrat,
1253 1208 1291 1263 ad
1314 1222 1399 1282 qoam
1421 1204 1498 1260 viva-

338 1327 402 1370 mus
423 1314 453 1366 et
471 1305 650 1384 propositum
668 1322 835 1381 urgeamus:
856 1302 972 1361 tametsi
991 1322 1049 1360 non
1067 1310 1126 1362 tam
1148 1304 1254 1380 virtuti,
1275 1324 1360 1383 quam
1374 1305 1498 1364 cuicum-

339 1430 395 1488 que
423 1408 561 1486 voluptati
585 1406 789 1483 indulgendum
817 1405 872 1481 sit,
911 1424 948 1463 ne
979 1404 1107 1464 dolorem
1137 1408 1309 1479 sentiamus3
1346 1409 1431 1485 idque
1462 1424 1498 1465 er

340 1512 484 1571 sententia
497 1509 631 1587 Epicuri,
651 1510 699 1587 qui
716 1515 813 1569 tamen
829 1510 892 1566 sine
908 1508 1012 1567 virtute
1025 1510 1150 1585 jucunde
1168 1510 1324 1589 possevini
1338 1508 1498 1587 negabat.“

340 1613 386 1675 lta
403 1616 446 1673 vir
463 1612 510 1671 ille
527 1632 586 1671 non
604 1612 780 1689 scripsisset,
801 1612 826 1670 si
844 1612 881 1669 de
900 1629 1010 1669 summa
1028 1608 1174 1689 Epistolae
1193 1612 1212 1669 i.
1234 1632 1259 1670 e.
1280 1612 1317 1672 de
1335 1612 1498 1671 definiendo

341 1737 452 1778 summo
469 1716 546 1775 bono
562 1721 642 1774 recte
661 1713 811 1773 sensisset.
860 1711 1012 1784 Orelliuo,
1030 1719 1062 1772 ut
1081 1713 1154 1772 alios
1172 1716 1317 1791 omittam,
1345 1715 1419 1775 haud
1438 1719 1499 1775 scio

340 1840 378 1879 ao
402 1819 530 1897 argutius
547 1818 651 1875 mortis
676 1815 937 1875 commemorationi
963 1823 1097 1875 annectat
1114 1816 1237 1875 vivendi
1257 1819 1344 1877 finem
1364 1818 1499 1895 aliquem,

341 1944 426 2002 quem
445 1920 547 1999 singuli
563 1920 700 1980 mortales
716 1917 771 1975 sibi
788 1918 964 1977 constituant
980 1936 1101 1977 necesse
1118 1920 1166 1977 sil.
1214 1918 1387 1978 Groebelius
1403 1928 1500 1979 autem

341 2026 547 2086 sententiarum
565 2022 694 2081 ordinem
709 2020 859 2079 constituit
878 2020 968 2077 bunc:
999 2020 1103 2097 „Haec
1120 2024 1204 2083 animi
1227 2024 1358 2100 affectio,
1390 2023 1427 2081 de
1442 2040 1500 2099 qua

340 2132 452 2208 agitur,
468 2146 560 2204 aeque
577 2144 631 2203 pro
648 2122 748 2182 morbo
765 2122 896 2182 habenda
915 2129 976 2198 est,
1002 2124 1078 2183 acsi
1100 2126 1164 2201 quis
1184 2127 1312 2205 eorporis
1332 2124 1426 2203 aliquo
1446 2125 1499 2182 do-

342 2232 405 2290 lore
422 2230 544 2289 affectus
566 2229 614 2286 sit.
656 2227 722 2285 Jam
737 2227 991 2303 quemadmodum,
1010 2227 1058 2305 qui
1077 2236 1226 2306 aegrotat,
1244 2227 1345 2288 morbo
1363 2248 1395 2287 se
1418 2226 1499 2285 labo-

343 2353 407 2393 rare
426 2333 539 2407 studet,
564 2330 675 2390 medico
691 2326 820 2386 adhibito
839 2335 870 2388 et
886 2327 1043 2404 medicina,
1072 2332 1115 2389 ita
1129 2352 1209 2408 eum,
1240 2332 1288 2410 qui
1304 2333 1398 2389 animo
1413 2348 1499 2388 sanus

344 2456 409 2496 esse
428 2442 515 2511 atque
531 2432 633 2491 beatus
650 2432 745 2490 vivere
762 2430 850 2507 cupit,
868 2432 1003 2489 virtutem
1024 2434 1104 2509 sequi
1123 2440 1249 2512 oportet,
1268 2451 1341 2511 quae
1358 2434 1387 2491 in
1407 2452 1499 2492 rerum

341 2537 544 2611 humanam,
573 2554 692 2613 quarum
720 2533 870 2592 admiratio
898 2539 928 2589 et
946 2532 1085 2609 cupiditas
1103 2534 1233 2595 homines
1254 2536 1375 2593 miseros
1394 2535 1500 2611 reddit,

342 2638 530 2715 despicientia
547 2636 704 2696 cernitur.“
746 2633 786 2692 At
805 2634 843 2691 de
860 2632 1003 2711 prioribus
1022 2652 1067 2693 vr.
1087 2638 1217 2714 equidem
1233 2638 1307 2696 facio
1327 2658 1391 2697 cum
1412 2636 1500 2695 Wie-

342 2740 446 2800 landio
467 2748 498 2800 et
518 2738 711 2819 Brteglebio,
742 2736 791 2815 qui
817 2742 896 2794 recte
922 2745 1088 2813 comparant
1118 2740 1196 2815 quod
1217 2740 1314 2800 dicunt
1339 2746 1499 2800 nostrates:

341 2842 435 2921 „Wer
451 2844 507 2901 deu
525 2842 631 2901 Zueelr
647 2840 714 2918 will,
731 2858 810 2900 muss
824 2836 898 2895 ouclr
914 2836 960 2896 die
978 2838 1074 2897 Mittcl
1091 2840 1226 2899 wollen.“
1244 2875 1288 2887 -
1303 2842 1337 2898 V.
1357 2845 1408 2906 28.
1443 2841 1500 2901 Per

341 2946 424 3003 lauto
443 2952 473 3004 et
490 2964 573 3002 renes
589 2955 685 3006 sutem
703 2941 879 3021 significator
894 2944 1046 3021 πλευρῖτις
1063 2951 1093 3002 et
1111 2948 1254 3025 νεφρῖτις,
1273 2944 1309 3002 de
1325 2944 1425 3023 quibus
1440 2946 1499 3004 vid.

342 3046 421 3107 Cels.
444 3045 483 3123 4,
509 3048 540 3109 6.
560 3056 591 3108 et
608 3048 646 3125 4,
676 3046 725 3110 10.
744 3044 788 3104 eui
807 3045 894 3103 etiam
912 3038 1098 3125 πλευριτικὸς
1117 3056 1225 3103 acutus
1246 3044 1367 3105 nwrbus
1384 3050 1497 3107 dicitur.

339 3147 370 3209 ls
386 3156 449 3225 est,
469 3156 503 3207 ut
517 3150 559 3206 ait
571 3153 647 3211 idem
663 3151 702 3227 3,
727 3153 776 3227 1.,
795 3148 851 3225 qui
867 3148 925 3203 cito
940 3144 990 3203 vet
1005 3147 1084 3205 tollit
1098 3147 1270 3219 hominem,
1292 3148 1342 3207 vel
1356 3152 1419 3227 ipsc
1439 3152 1497 3206 cito

332 3252 449 3327 finilia
473 3252 518 3309 vel
543 3251 583 3329 8,
621 3256 652 3317 2.
674 3248 729 3308 sbi
750 3251 814 3311 sine
837 3248 1104 3311 uatermusiont'bus
1130 3251 1310 3308 accessiones
1335 3263 1363 3308 et
1385 3251 1500 3309 dolores

337 3374 449 3433 graver
469 3363 584 3431 urgent.
602 3382 645 3397 -
663 3362 829 3425 tentantur,
847 3363 880 3414 ut
895 3356 997 3415 Senec.
1013 3354 1108 3431 Epist.
1128 3351 1202 3414 107.
1221 3353 1407 3432 intemperies
1425 3354 1501 3413 cosli

341 3455 545 3515 valetudinem
563 3463 667 3511 tentat.
712 3454 836 3516 Verbum
859 3457 915 3517 hoc
935 3456 1074 3516 medicum
1094 3450 1139 3532 (ut
1157 3447 1368 3534 πειράζεσθαι,
1400 3455 1497 3515 Kiibn.

340 3557 402 3617 lnd.
421 3542 468 3617 ad'.
488 3556 598 3616 Aelian.
617 3557 654 3614 V.
672 3556 725 3635 ll.)
746 3558 874 3635 pluribus
900 3557 1025 3617 illustrat
1048 3555 1232 3615 Scbmtdius.
1274 3554 1424 3615 Horatium
1447 3576 1498 3614 cx-

339 3662 447 3739 pressit
469 3662 570 3720 Seren.
588 3660 756 3718 Samonicus
771 3660 845 3725 392.
893 3661 929 3718 Si
948 3660 1029 3717 latus
1046 3660 1228 3717 immeritum
1245 3656 1345 3717 morbo
1366 3668 1499 3715 tentatur

339 3772 439 3822 acuto.
485 3762 529 3822 ld.
552 3761 604 3828 92.
651 3762 751 3819 Poro'o
767 3765 796 3820 si
810 3764 919 3839 capitis
935 3759 1036 3819 morbo
1053 3771 1179 3819 natatur
1192 3773 1291 3821 acuto.

424 3860 459 3921 V.
485 3862 536 3928 29.
591 3863 707 3942 Quaere
724 3864 801 3942 sug.
827 3861 932 3923 morbi.
980 3864 1066 3922 Hunc
1090 3863 1292 3941 Imperativum
1322 3862 1498 3921 Groebelrue

338 3973 422 4025 acute
439 3984 474 4024 ex
491 3966 518 4022 vi
534 3984 597 4024 voe.
617 3976 708 4023 acuto
723 3964 922 4043 explicandum
938 3968 1080 4045 opinatur,
1100 3968 1140 4025 its
1155 3974 1186 4027 ut
1203 3967 1251 4026 ille
1267 3970 1384 4045 egregie
1402 3966 1496 4024 valeat

338 4066 376 4123 ad
394 4066 513 4144 periculi
532 4066 755 4143 magnitudinem
768 4069 989 4147 exprimendam.
1034 4066 1074 4126 At
1090 4070 1187 4146 potius
1202 4069 1330 4145 dixerim,
1346 4069 1496 4128 Horatium

338 4168 368 4226 in
390 4168 494 4227 talibus
523 4169 605 4247 sequi
628 4169 791 4229 Stoicorum
813 4170 926 4229 minutis
949 4170 1105 4229 enunciatis
1127 4170 1321 4248 praecipiendi
1345 4173 1495 4230 rationem.

338 4269 437 4329 Simile
458 4270 527 4346 quid
542 4270 579 4329 de
601 4290 699 4329 eorum
719 4272 996 4349 interrogatiunculis
1015 4270 1178 4331 observavit
1195 4273 1359 4353 Heindorf.
1382 4274 1419 4331 ad
1433 4274 1496 4331 Sat.

339 4373 370 4433 2.
386 4372 419 4447 3,
438 4371 490 4433 97.
506 4406 551 4418 -
571 4371 668 4430 Verba
684 4374 731 4431 vu
745 4384 822 4431 recte
841 4376 938 4433 vtum
958 4372 1153 4433 metandum
1168 4381 1247 4433 reete
1265 4376 1401 4455 explicat:
1435 4375 1497 4452 „du

338 4474 480 4534 mdehtest
495 4474 637 4553 gliiclilicb
655 4475 786 4552 lebeo‚“
806 4492 967 4553 quanquam
983 4476 1019 4533 de
1035 4475 1090 4535 bae
1107 4478 1313 4556 significatione
1330 4477 1443 4537 dubitat
1459 4476 1498 4535 ad

337 4573 431 4653 Epltl·
448 4578 480 4653 2,
496 4578 528 4656 2,
544 4576 616 4643 213.
659 4576 701 4637 At
712 4595 748 4637 ea
761 4584 806 4637 est
819 4597 854 4637 er
868 4576 980 4657 placitis
993 4576 1239 4659 pbilosophorum,
1253 4580 1301 4660 qui
1315 4599 1374 4639 non
1385 4588 1499 4659 putant
