3450 5334
369 470 434 541 238
476 472 764 537 nounsNTARn
777 472 822 535 IN
837 471 1442 547 uoaan11Llu.1.uslsT.QUAuT.
1485 473 1526 538 48

371 662 472 726 Τοῦτο
495 660 553 743 izei
572 656 595 742 ἦ
616 654 760 743 retenone
779 662 834 725 nori
855 650 974 738 ἤθους,
995 654 1030 721 ni
1046 662 1148 721 πᾶσαν
1167 655 1283 741 ἡμέραν
1298 656 1342 734 ὥς
1355 659 1526 724 τελευταίαν

370 758 528 846 διεξάγειν.
572 764 619 823 Cf.
635 765 674 825 iel.
689 768 726 843 2,
750 766 799 827 11.
815 784 844 843 p.
858 756 911 821 46.
925 761 964 837 3,
982 760 1013 822 8.
1030 779 1059 837 p.
1073 762 1127 824 82.
1141 760 1180 837 8,
1199 762 1250 824 12.
1267 783 1298 841 p·
1314 763 1366 825 86.
1383 764 1422 839 2,
1447 763 1477 825 5.
1495 782 1526 839 p.

367 861 419 929 43.
462 863 579 926 Lusian.
594 864 682 923 Clrar.
699 865 748 928 20.
770 861 873 923 Duum.
887 862 926 921 ad
942 860 1008 921 Cat
1022 858 1097 920 Dua
1110 863 1147 939 1,
1168 860 1220 923 33.
1241 882 1272 940 p.
1288 863 1341 925 89.
1356 871 1386 925 et
1399 863 1524 925 Sohmid.

367 970 405 1027 ud
424 967 453 1031 h.
468 968 488 1029 1.
532 966 626 1039 Quam
638 966 721 1027 anxie
735 970 831 1025 antem
847 964 879 1023 in
891 962 941 1023 tali
952 980 984 1021 re
997 968 1107 1021 veteres
1126 962 1242 1021 omnino
1263 963 1430 1024 evitaverint
1442 981 1526 1022 voea-

368 1068 464 1128 bulum
484 1071 608 1139 mortis,
639 1068 722 1146 hujus
743 1068 798 1127 1οοί
820 1080 878 1125 non
899 1062 1045 1123 immemor
1062 1064 1147 1125 donet
1171 1063 1290 1125 Helles.
1313 1064 1344 1121 in
1367 1062 1469 1142 Progr.
1488 1062 1526 1122 de

368 1175 471 1231 usuriis
485 1182 575 1229 mein.
617 1167 734 1246 Erlang.
753 1166 845 1232 1825.
862 1198 907 1210 --
927 1164 963 1229 V.
976 1160 1025 1226 14.
1052 1165 1153 1224 Grata
1168 1168 1354 1244 superveniet
1367 1172 1422 1229 ete.
1444 1166 1525 1225 Haec

367 1273 493 1334 hilaritas
506 1281 535 1332 et
549 1272 664 1331 minima
681 1270 736 1329 diei
749 1268 866 1328 nnsn'ui
878 1285 945 1325 cura
963 1284 998 1325 ex
1011 1268 1170 1345 praeseptis
1189 1273 1250 1327 turn
1261 1265 1402 1348 Aristippi
1418 1267 1526 1349 Epicu-

366 1376 464 1452 riqne,
485 1380 545 1433 tum
560 1374 721 1432 Stoicorum
735 1370 846 1430 diversa
865 1369 979 1447 quidem
999 1368 1110 1429 renone
1123 1370 1310 1449 promanavit
1353 1369 1400 1428 Cf.
1416 1369 1476 1433 od.
1495 1370 1525 1446 1,

367 1478 407 1553 9,
431 1477 536 1553 13.sq.
560 1478 620 1551 11,
643 1474 730 1550 8.2‚
752 1473 811 1549 16,
834 1469 885 1533 25.
908 1470 946 1546 8,
972 1472 1010 1546 8,
1036 1472 1087 1533 27.
1111 1471 1169 1548 29,
1195 1467 1247 1533 41.
1272 1488 1338 1547 sqq·
1356 1466 1395 1547 4,
1415 1472 1453 1546 7,
1473 1467 1524 1529 17.

367 1574 463 1656 Epod.
484 1575 542 1653 13,
555 1573 648 1639 3-5.
690 1573 783 1653 Epist.
803 1574 838 1648 1,
859 1572 916 1649 11,
937 1572 989 1635 22.
1008 1588 1073 1649 sqq.
1095 1572 1132 1633 al.
1163 1570 1210 1632 Ita
1220 1572 1307 1632 ovid.
1322 1570 1413 1633 Trist.
1436 1571 1471 1647 1,
1491 1570 1524 1646 3,

368 1676 420 1737 68.
433 1677 466 1733 in
483 1676 565 1733 luero
572 1718 584 1745 ,
604 1696 683 1756 qnos
694 1676 786 1735 dntnr
795 1674 891 1745 horo,
912 1672 990 1731 milii
1003 1684 1054 1733 oet.
1100 1672 1217 1733 Terent
1230 1673 1345 1735 Phorm.
1362 1675 1399 1750 2,
1417 1672 1456 1749 3,
1472 1673 1522 1734 21.

373 1776 527 1856 Quicquid
541 1790 658 1856 praem
669 1798 752 1857 spem
766 1778 894 1852 eveniet,
916 1795 1003 1833 omne
1025 1773 1221 1853 indeprensa
1238 1778 1271 1835 in
1288 1775 1381 1835 horo.
1423 1776 1522 1833 Senes.

366 1878 460 1957 Epist.
483 1878 533 1941 12.
581 1879 754 1939 Crastinum
780 1882 809 1938 si
829 1878 975 1952 aclJ'eoerit
994 1876 1082 1935 Deus
1089 1919 1101 1948 ,
1128 1878 1202 1935 lusti
1227 1880 1417 1956 recipiamus.
1464 1876 1525 1933 Ills

368 1979 556 2041 beatissimis
569 1991 621 2039 'est
641 1991 671 2038 et
684 2002 806 2039 seonrns
820 1983 871 2039 sui
880 1999 1053 2057 possessor,
1076 1981 1131 2057 qui
1150 1982 1315 2039 ormtinnm
1328 1982 1393 2037 sine
1405 1978 1524 2037 solliei-

368 2083 471 2143 tudine
486 2092 643 2160 exspectat.
695 2082 839 2162 Quisquis
852 2082 947 2141 dreit.-
962 2082 1045 2158 viai,
1066 2080 1198 2160 qnotidie
1218 2082 1264 2139 ud
1276 2082 1395 2139 luorum
1408 2083 1519 2159 surgit.

367 2184 411 2248 Id.
426 2183 518 2262 Epist.
534 2185 584 2247 32.
605 2182 732 2242 subinde
747 2183 902 2243 cumidem
910 2226 924 2256 ,
944 2182 1182 2264 quampulchre
1195 2204 1244 2242 res
1264 2187 1525 2243 inconsummate

367 2290 463 2345 vitum
483 2297 554 2344 unte
579 2297 717 2359 mortem,
739 2287 847 2345 deinde
868 2296 1036 2365 exspectare
1055 2306 1194 2345 securum
1215 2284 1364 2365 reliquum
1383 2289 1524 2363 temporis

368 2390 416 2447 sni
427 2398 546 2466 partem
560 2390 593 2445 in
603 2388 788 2465 possessione
803 2387 909 2447 beoms
922 2391 1002 2447 vitm
1011 2392 1164 2467 positam:
1181 2408 1259 2468 qnae
1273 2388 1388 2445 beatior
1398 2388 1523 2463 nausti,

368 2491 421 2553 sed
442 2490 568 2569 longior.
611 2488 656 2549 Id.
685 2488 721 2548 de
739 2489 847 2553 Brevit.
868 2491 919 2551 vit
941 2492 970 2552 7.
1014 2490 1122 2551 Gatak.
1136 2491 1174 2549 ad
1187 2490 1228 2551 Μ.
1241 2489 1353 2551 Anton.
1370 2490 1471 2567 7,56.
1489 2510 1521 2568 p.

369 2593 441 2656 227.
462 2597 492 2650 et
512 2589 643 2652 Perizou.
668 2591 707 2649 ad
716 2589 828 2651 Aelian.
844 2594 879 2653 V.
891 2596 931 2655 H.
948 2591 1007 2672 14,
1029 2596 1060 2657 6.
1103 2592 1181 2672 Apte
1193 2592 1291 2653 laudat
1304 2592 1393 2653 Orell.
1404 2591 1518 2653 Mmon.

368 2712 414 2773 ap.
426 2693 508 2751 Stob.
522 2692 542 2751 Ι.
562 2714 592 2772 p.
606 2688 655 2753 41.
669 2692 707 2753 G.
721 2699 751 2752 et
762 2692 907 2755 Plutarch.
919 2698 957 2756 de
968 2694 1079 2771 Tranq·
1093 2713 1141 2758 nu.
1157 2694 1208 2757 16.

450 2794 487 2856 V.
507 2794 557 2858 15.
585 2794 635 2855 16.
681 2795 734 2851 Me
755 2828 798 2841 —
809 2818 950 2874 porcum.
993 2794 1131 2873 Exemplo
1151 2814 1205 2856 sno
1225 2816 1312 2875 qnam
1331 2802 1521 2877 proposuerat

367 2896 537 2957 sententiam
550 2898 763 2957 confirmaturus
775 2897 849 2959 hauc
859 2902 957 2978 josuae
968 2900 1050 2961 addit
1063 2898 1230 2957 clausulam:
1251 2898 1369 2977 „Certe
1387 2917 1448 2976 me,
1468 2900 1520 2975 qui

368 3000 411 3058 his
426 2998 583 3077 praeseptis
596 2998 773 3078 memetipse
787 3003 1003 3061 accommodam
1016 3005 1129 3079 praeter
1140 3005 1234 3059 entem
1252 2998 1322 3058 nihil
1345 3019 1412 3059 curo
1427 3018 1520 3059 rerum

368 3100 568 3177 humanarum,
589 3100 636 3158 ubi
657 3102 757 3161 adme
774 3106 903 3182 neumis,
931 3104 1052 3163 nitidum
1073 3101 1181 3163 videbis
1206 3101 1352 3177 obuuque
1371 3103 1520 3182 mrpore.“
1628 3175 1630 3178 ¹

368 3199 403 3260 lu
418 3221 475 3278 qna
488 3202 603 3277 quidem
614 3221 645 3261 re
662 3201 767 3281 duplex
779 3207 924 3265 notandus
939 3211 984 3265 est
997 3206 1184 3281 interpretum
1205 3202 1313 3280 aliquot
1333 3223 1428 3284 eaeor,
1446 3225 1520 3264 nnus

368 3320 479 3381 eorum,
501 3302 550 3378 qui
579 3302 649 3379 ipsis
666 3302 759 3363 verbis
781 3304 944 3386 Tibullum,
964 3313 997 3365 nt
1019 3306 1151 3365 inviseret
1171 3306 1306 3382 amicum,
1332 3307 1432 3367 vident
1449 3308 1520 3366 invi-

369 3410 473 3481 tatum,
494 3423 552 3482 qua
563 3404 769 3484 interpretandi
783 3409 894 3469 ratione
906 3410 1021 3487 elegans
1034 3406 1081 3465 ille
1092 3406 1295 3465 sententiarum
1305 3410 1376 3467 ordo
1391 3410 1449 3469 sere
1460 3412 1520 3468 ‹lis-

368 3507 517 3583 rnmpitnr.
558 3505 608 3563 Sic
629 3505 791 3567 Budellius
812 3514 844 3567 et
869 3510 1061 3587 Compenon,
1081 3506 1141 3569 hie:
1172 3506 1289 3587 „vena
1300 3512 1427 3585 mevoir;
1445 3531 1518 3571 vona

369 3613 516 3667 nonverea
538 3624 576 3664 uu
595 3606 650 3665 emi
671 3608 718 3683 qui
741 3612 832 3686 prend
853 3612 917 3671 suin
940 3612 977 3671 de
1000 3629 1035 3671 su
1058 3628 1215 3689 pensinae,
1243 3610 1356 3670 brillant
1370 3612 1518 3673 d’embon-

369 3707 481 3787 point.“
522 3706 603 3767 Alter
620 3726 734 3787 eorum,
763 3711 812 3786 qui
834 3720 903 3790 post
926 3735 954 3776 v.
974 3712 1055 3772 voles
1079 3712 1285 3791 disfiuguentes
1306 3712 1407 3773 verbs:
1437 3716 1519 3793 Epi-

369 3812 435 3871 ouri
453 3842 496 3855 -
511 3830 639 3889 porcum
658 3830 710 3889 per
729 3814 937 3889 appositionem
955 3818 993 3876 ad
1011 3815 1162 3893 pisignam
1182 3821 1213 3874 et
1232 3814 1363 3875 randum
1383 3817 1520 3898 referunt,

316 3894 335 3925 Χ
368 3914 409 3971 sic
428 3914 610 3991 Desprezins
630 3918 660 3971 et
683 3914 871 3993 Doeriugins
876 3960 891 3988 ,
919 3936 1040 3995 quorum
1053 3916 1115 3975 ille:
1135 3957 1157 3996 „
1165 3925 1242 3977 uerte
1254 3938 1300 3977 me
1312 3918 1388 3978 snoei
1404 3920 1521 3998 pluium

368 4021 399 4075 et
429 4034 548 4093 corpore
572 4014 686 4092 egregie
712 4014 788 4074 culto
811 4016 968 4095 frigentem
989 4018 1114 4096 videbis,
1141 4020 1203 4077 imo
1213 4061 1226 4090 ,
1252 4021 1282 4077 si
1299 4024 1402 4092 J‘ooari
1430 4022 1520 4093 veles,

368 4134 447 4175 suem
462 4136 497 4176 ex
508 4118 577 4176 hara
586 4116 738 4194 Epicuri“;
760 4116 807 4175 hic
818 4125 915 4180 autem
928 4121 1032 4180 verbu:
1059 4119 1094 4196 Q.
1109 4141 1135 4182 r.
1151 4142 1181 4181 ν.
1198 4140 1251 4200 pro
1263 4125 1372 4199 protasi
1387 4124 1522 4186 bahane

368 4220 480 4285 videtur
493 4218 584 4278 locum
595 4218 784 4295 interpretans
795 4220 837 4279 uti
850 4224 943 4282 editor
957 4221 1124 4284 Parisinusis
1138 4241 1166 4281 a.
1187 4222 1287 4287 1752:
1314 4226 1375 4303 „Si
1396 4232 1428 4285 tu
1447 4246 1521 4286 vena

368 4318 511 4398 t'egayer,
532 4318 691 4379 viensuhea
713 4321 784 4379 moi:
806 4326 839 4380 tu
856 4342 951 4383 verres
961 4322 1011 4384 Un
1026 4321 1178 4401 Epicurien
1198 4322 1263 4382 bien
1272 4328 1385 4405 numni,
1409 4348 1478 4406 gros
1490 4333 1521 4386 et

368 4420 466 4498 gras.“
506 4420 572 4479 Alis
589 4423 698 4482 ratione
716 4420 851 4483 falluntur
868 4425 904 4503 ii,
925 4424 974 4500 qui
984 4424 1040 4485 hue
1051 4422 1114 4484 loeo
1131 4425 1243 4505 denepti
1258 4432 1292 4484 ut
1302 4427 1436 4504 List(‹le
1447 4427 1522 4489 Poe-

368 4520 488 4579 uitentia
498 4520 611 4581 Horatii
624 4522 821 4603 Philosophicu
835 4524 872 4586 ab
888 4526 1002 4587 insolito
1015 4525 1124 4587 tonitru
1136 4534 1292 4606 provoeata
1302 4526 1398 4591 earm.
1417 4528 1454 4605 1,
1470 4526 1521 4611 24.
