3450 5334
358 494 422 559 288
476 494 760 559 COlllhlEN'l’thl
778 497 819 556 lN
833 494 1000 559 HORATll
1016 494 1124 557 LlB.l.
1143 494 1394 560 misnam.
1471 500 1515 565 20

354 688 503 747 amendam
526 686 564 743 ad
598 686 786 742 Torrentinm
808 686 854 743 vel
886 684 1109 745 Welondiscm.
1154 682 1180 743 A
1205 682 1335 761 Luhino,
1360 691 1394 743 ut
1419 686 1515 745 refert

356 788 530 848 &limidins
539 830 552 858 ,
577 787 725 846 Numicius
746 793 864 845 vocatur
877 786 915 845 L.
930 788 1072 847 hfinucius
1094 787 1235 865 Plancus,
1256 789 1310 847 sed
1327 806 1441 847 causam
1452 807 1514 846 non

352 893 442 950 addit.

438 992 484 1051 Ab
516 990 569 1049 hac
598 1008 682 1069 quam
710 991 847 1069 proposui
874 992 1017 1050 sententia
1050 989 1127 1049 haud
1162 992 1223 1050 seio
1250 1009 1287 1051 an
1316 1010 1409 1069 prope
1436 992 1517 1051 absit

353 1094 545 1174 Brieglebiua
566 1100 596 1152 et
620 1095 739 1171 propius
760 1094 927 1171 Koemgrius
936 1137 949 1165 ,
974 1112 1135 1171 quanquam
1155 1094 1203 1153 ille
1216 1113 1353 1153 srrmmam
1365 1092 1515 1171 Epistolae

352 1202 393 1259 ita
418 1196 575 1257 connectit:
603 1194 820 1274 „Despicientia
846 1214 942 1254 rerum
971 1202 1150 1254 externarum
1178 1196 1224 1254 via
1253 1196 1291 1253 ad
1315 1196 1389 1255 bene
1413 1196 1515 1255 beate-

352 1322 409 1379 que
430 1300 584 1361 vivendum
601 1302 667 1373 est,
690 1300 780 1357 virtus
795 1298 857 1357 sola
872 1298 949 1357 bona
971 1298 1209 1376 expetendaque,
1236 1298 1292 1356 alia
1305 1300 1415 1375 omnia,
1440 1318 1516 1376 quae

350 1404 437 1481 vulgo
467 1404 562 1481 expeti
591 1400 702 1477 solent,
729 1400 837 1459 caduca
864 1420 899 1459 ac
927 1400 1028 1459 saltem
1051 1419 1114 1459 cnm
1138 1404 1199 1459 vita
1223 1402 1398 1478 amittenda,
1419 1422 1517 1479 neque

351 1526 384 1566 re
407 1524 476 1564 vera
500 1503 656 1563 salubria.“
699 1502 832 1563 Ceterum
856 1508 954 1561 monet
981 1503 1057 1561 idem
1080 1504 1125 1561 vir
1148 1505 1272 1579 doctus,
1299 1505 1407 1580 „quod
1434 1522 1516 1561 sum-

351 1613 478 1667 muniet
507 1606 693 1667 obcoecatum
720 1606 855 1683 cujusque
879 1604 920 1662 rei
943 1605 1067 1663 studimn
1087 1612 1178 1683 ponat
1198 1604 1306 1680 Poeta,
1334 1607 1365 1664 id
1388 1607 1427 1665 ad
1447 1607 1516 1663 irri-

352 1712 461 1770 sionem
488 1708 732 1767 aecommodatum
760 1709 860 1767 esse.“
904 1708 1015 1777 Quodsi
1037 1710 1094 1767 duo
1122 1709 1163 1767 illi
1186 1709 1321 1767 viritem
1345 1728 1363 1766 a
1386 1727 1517 1787 persona

351 1811 476 1873 Numicii
500 1810 592 1889 probe
614 1810 826 1887 disjunxenmt,
856 1809 1053 1868 Welondc'us
1073 1810 1160 1889 longe
1180 1811 1264 1871 aliam
1287 1816 1354 1869 ante
1377 1830 1428 1869 eos
1449 1828 1516 1867 mu-

351 1916 422 1973 nivit
440 1913 646 1991 interpretandi
665 1913 755 1989 dam,
782 1913 823 1971 ita
847 1918 879 1969 ut
893 1912 1057 1971 Numicium
1077 1914 1244 1993 opinaretur
1264 1916 1355 1973 fuisse
1371 1912 1517 1970 hominem

350 2018 578 2091 inconstantem,
603 2016 664 2091 cui,
694 2034 778 2091 quum
801 2015 889 2072 modo
916 2012 989 2089 hoc,
1010 2016 1097 2073 modo
1122 2016 1191 2076 illud
1205 2017 1359 2095 probasset
1381 2018 1518 2074 secutus-

352 2138 408 2196 que
435 2123 529 2195 esset,
555 2117 691 2177 Horatius
715 2120 814 2175 auctor
839 2116 959 2193 fuisset,
982 2122 1015 2175 nt
1033 2124 1141 2177 certam
1161 2118 1274 2177 vivendi
1295 2120 1435 2176 rationem
1459 2116 1517 2176 eli-

351 2224 436 2299 geret
458 2222 540 2297 eique
562 2219 702 2278 tenaciter
723 2218 900 2279 adhaereret,
947 2218 1120 2278 Wielandii
1137 2222 1271 2298 vestigiis
1296 2221 1422 2299 ingressi
1446 2224 1518 2278 sunt

355 2323 542 2393 Wetaelins,
565 2323 719 2391 Zeum'us,
749 2320 805 2378 alii.
850 2322 927 2396 Sed,
956 2327 988 2379 ut
1012 2322 1067 2381 aha
1093 2322 1239 2398 omittam,
1267 2322 1323 2382 hoc
1349 2343 1406 2381 uno
1426 2320 1518 2380 refel-

351 2429 418 2487 litur
445 2426 599 2485 eorundem
623 2422 828 2500 interpretandi
853 2424 943 2500 ratio,
974 2422 1053 2500 quod
1079 2425 1110 2483 in
1135 2425 1232 2503 priore
1259 2424 1408 2504 Epistolae
1431 2430 1517 2503 parte

351 2529 443 2588 Poeta
457 2529 528 2606 ipsis
543 2526 638 2585 verbis
653 2526 737 2600 dicit,
752 2524 819 2582 nihil
832 2526 1027 2583 admirandum
1042 2544 1107 2586 esse
1114 2567 1125 2602 ,
1146 2500 1240 2605 neque
1256 2526 1399 2605 honores,
1419 2546 1516 2604 neque

352 2632 483 2706 divitias,
507 2647 600 2705 neque
625 2626 680 2685 alia
708 2627 785 2686 talia.
829 2627 876 2686 An
901 2630 998 2704 dices,
1027 2629 1096 2687 nihil
1123 2630 1257 2689 admirari
1285 2649 1368 2706 erim,
1392 2631 1441 2707 qui
1466 2635 1517 2687 aut

352 2734 506 2810 avaritiae,
531 2736 580 2791 aut
601 2728 702 2809 gallae,
731 2734 781 2789 aut
802 2732 944 2790 amoribus
968 2730 1110 2791 inserviti
1155 2733 1338 2811 Quapropter
1363 2732 1517 2809 ingeniose

352 2837 422 2894 dicit
446 2836 500 2893 Fr.
526 2830 705 2903 Jacobaius,
729 2833 854 2892 Numicii
882 2834 1006 2911 effigiem
1028 2855 1045 2894 a
1067 2834 1228 2895 Wielandio
1246 2836 1342 2895 fictam
1361 2836 1450 2895 videri
1472 2835 1517 2893 si-

352 2938 494 2999 millimam
515 2935 599 2996 Demi
620 2934 835 2995 Atheniensium
855 2954 874 2995 a
893 2935 1045 2995 Parrhasio
1071 2938 1158 3016 picti,
1186 2939 1217 2997 in
1244 2958 1300 3016 quo
1324 2943 1441 2997 auctore
1454 2936 1516 2994 Pli-

351 3044 400 3101 nio
425 3042 528 3099 artit'ex
548 3037 668 3096 voluerit
682 3039 785 3094 omnm
797 3040 917 3115 pariter
932 3040 1094 3099 ostendere.
1145 3039 1278 3099 Orellim
1298 3046 1411 3116 autem,
1436 3039 1517 3117 quod

351 3144 474 3219 mireris,
489 3158 649 3219 quanquam
661 3136 718 3195 W
706 3139 832 3198 telendit
843 3142 944 3199 mirum
959 3143 997 3201 de
1005 3142 1139 3202 Numicio
1154 3150 1342 3203 commentum
1355 3143 1516 3219 impugnat,

352 3248 408 3306 alia
428 3248 474 3304 via
499 3245 559 3303 sive
583 3244 686 3300 invitus
708 3243 768 3301 sive
791 3244 897 3303 inscius
920 3246 951 3303 in
978 3246 1107 3323 ejusdem
1128 3251 1223 3306 castra
1246 3247 1369 3305 transiit.
1408 3244 1517 3303 Exem-

352 3350 402 3428 plo
427 3352 520 3407 aulem
548 3344 731 3423 praeiverunt
759 3342 874 3403 Zellino
895 3352 927 3404 et
948 3347 1163 3421 Hochedenu,
1189 3368 1276 3425 qutrm
1288 3347 1437 3408 Horatium
1450 3367 1516 3406 cre-

353 3452 456 3508 derent
480 3447 645 3505 ulterutram
667 3444 863 3504 conditionem
882 3451 1080 3511 commendare
1102 3449 1228 3509 voluisse
1249 3450 1304 3509 hoc
1329 3453 1391 3510 sere
1413 3451 1515 3509 modo:

352 3553 423 3631 „nbi
450 3552 578 3625 videris,
608 3549 739 3606 virtutem
765 3547 854 3607 solam
883 3571 972 3628 posse
1000 3554 1083 3612 nobis
1112 3554 1198 3611 animi
1227 3554 1459 3630 tranquillitatem
1483 3558 1517 3611 et

353 3658 439 3714 vitam
466 3673 534 3711 vere
561 3652 673 3711 beatam
701 3650 859 3726 praebere,
888 3652 962 3713 hanc
982 3656 1074 3733 ipsam
1098 3657 1179 3714 unice
1197 3674 1335 3733 sequere3
1365 3657 1409 3714 sin
1430 3675 1515 3714 secus

353 3756 498 3831 senseris,
525 3758 655 3833 praestat
676 3750 722 3809 vel
748 3752 861 3812 divitias
871 3795 882 3829 ,
912 3756 956 3815 vel
977 3756 1075 3835 populi
1093 3759 1219 3818 savorem
1237 3764 1267 3816 et
1283 3758 1407 3817 honores
1425 3760 1515 3817 adeo-

353 3882 408 3939 que
436 3858 571 3918 luxuriam
597 3862 627 3915 et
647 3852 810 3931 voluptates
836 3863 953 3916 strenue
977 3862 1100 3936 sectari,
1124 3880 1207 3937 quam
1224 3860 1370 3938 trepidare
1391 3862 1516 3921 invitae

352 3964 527 4037 rationibus,
551 3958 692 4032 titubare,
721 3956 776 4015 alia
800 3960 906 4017 sentire
929 3966 959 4018 et
974 3960 1071 4039 loqui,
1098 3963 1154 4021 alia
1175 3963 1343 4022 factitare.“
1386 3962 1426 4021 st
1449 3963 1515 4022 huic

353 4070 378 4127 si
407 4084 545 4125 assensus
573 4060 661 4121 fueris
688 4058 935 4137 interpretationi,
968 4082 1038 4122 sane
1069 4064 1225 4124 verendum
1252 4067 1325 4141 erit,
1352 4086 1388 4125 ne
1419 4065 1515 4125 Hora-

351 4171 408 4227 tius
433 4188 485 4227 suo
509 4168 599 4244 ipsius
629 4180 661 4220 se
684 4162 857 4240 jugulaverit
882 4163 988 4241 gladio.
1033 4165 1105 4233 Quis
1129 4171 1193 4243 est,
1223 4170 1272 4245 qni
1298 4169 1414 4244 eredat,
1438 4166 1515 4225 Poe-

351 4278 427 4348 tam,
459 4271 506 4347 qui
526 4284 638 4326 omnem
657 4264 742 4325 animi
762 4267 928 4344 aeruginem
948 4287 1104 4345 omnesque
1124 4270 1220 4348 pusilli
1240 4272 1325 4329 animi
1340 4289 1423 4329 curas
1436 4268 1516 4328 nihili

351 4374 490 4449 floccique
516 4370 642 4444 duxerit,
667 4386 684 4425 a
711 4370 854 4427 sententia
882 4369 1050 4447 gravissima
1071 4370 1102 4428 in
1126 4372 1207 4430 initio
1232 4371 1381 4451 Epistulae
1406 4390 1518 4451 propo-

353 4474 408 4531 sita
423 4474 460 4531 ad
483 4471 719 4531 commendandas
741 4477 861 4530 restam
878 4473 979 4529 inanes
1002 4476 1032 4531 et
1054 4470 1144 4531 libero
1166 4472 1280 4534 homine
1300 4475 1433 4553 indignas
1456 4494 1517 4533 non

353 4574 481 4633 simulate
497 4576 673 4633 descendere
704 4572 857 4652 potuisse?
887 4573 959 4644 Quis
985 4579 1047 4653 est,
1076 4576 1125 4653 qui
1149 4576 1206 4635 sihi
1233 4578 1425 4655 persuadeat,
1451 4576 1518 4637 llo-

1700 4307 1721 5287 ἰ
