3450 5334
336 490 401 555 210
435 486 724 552 COMMENTARII
741 486 785 547 IN
805 484 979 553 nonam
999 482 1114 550 Lusa
1140 482 1267 551 EPIST.
1282 481 1403 548 mr.
1458 486 1500 551 20

336 680 407 739 dan.
424 677 497 737 Tor„
519 696 547 755 p.
564 678 614 739 60.
656 677 733 737 ffinc
756 678 828 735 bene
848 676 1037 753 Comperson:
1066 670 1303 750 „presse-tul
1323 670 1364 731 les
1388 674 1499 731 iuream

337 787 368 841 et
385 780 412 839 le
423 778 497 857 style
517 795 659 856 pompeur
673 780 709 837 de
724 777 751 837 la
769 775 949 855 trage'dieW
990 775 1087 854 Ipsam
1102 774 1251 850 utriusque
1263 773 1394 833 vocabuli
1411 776 1499 853 signi-

336 882 494 940 ficationem
512 880 647 939 enodavit
670 880 860 938 Weiobertua
881 877 925 957 (p
942 876 1118 947 386-90)
1136 894 1188 952 ea,
1211 894 1271 951 qua
1290 882 1337 935 est
1354 878 1500 937 doctrinae

337 984 419 1063 eopia
442 982 604 1060 ingeniique
625 980 764 1057 sollertia,
786 986 834 1055 ut,
859 978 907 1055 qui
926 978 1032 1037 addere
1046 977 1152 1054 aliquid
1165 977 1243 1055 velit,
1261 976 1341 1055 ligna
1358 978 1390 1036 in
1400 978 1501 1038 silvam

338 1087 411 1145 serre
441 1085 587 1165 putandus
614 1084 662 1143 sit.
714 1082 756 1142 st
791 1099 865 1159 quae
889 1087 1017 1139 veterum
1044 1085 1074 1137 et
1097 1080 1285 1140 recentiorum
1312 1080 1500 1158 interpretum

338 1206 470 1265 magnam
490 1192 598 1265 partem
612 1189 726 1244 secutus
741 1184 808 1241 inde
819 1182 891 1241 effici
905 1180 982 1260 vult,
1001 1187 1113 1241 tanturn
1126 1182 1217 1259 abest,
1234 1188 1267 1240 ut
1285 1200 1321 1239 ea
1333 1181 1501 1260 approbem,

338 1296 371 1348 ut
389 1294 418 1347 et
435 1286 519 1347 hodie
536 1288 706 1366 impugnem.
726 1286 839 1345 Etenim
851 1283 913 1342 illet
929 1283 1136 1363 „inpromptu
1149 1284 1230 1361 est,“
1247 1284 1339 1359 inquit
1355 1282 1399 1362 (p.
1410 1280 1501 1362 389),

338 1390 433 1449 videre
460 1389 564 1467 duplex
581 1388 651 1446 Titii
678 1387 706 1444 in
728 1386 883 1446 scribendis
909 1386 1063 1462 tragoediis
1091 1387 1207 1461 vitium,
1245 1386 1346 1465 partim
1368 1386 1447 1459 quod
1469 1385 1500 1441 in

337 1490 583 1571 repraesentandis
598 1489 712 1565 tragicis
733 1487 862 1567 personis
879 1492 910 1543 et
927 1486 1118 1546 describendis
1138 1506 1234 1547 earum
1248 1486 1373 1546 moribus
1391 1485 1501 1544 affecti-

337 1592 447 1667 busque
457 1590 575 1648 excedat
592 1590 717 1666 modum,
730 1588 833 1666 partim
852 1588 932 1664 quod
948 1589 979 1647 in
992 1590 1195 1649 conformanda
1209 1589 1340 1648 oratione
1350 1584 1501 1646 molestum

338 1693 527 1767 vitiosumque
546 1699 686 1751 tumorem
710 1696 798 1765 atque
819 1692 931 1749 inanem
958 1692 1161 1769 ridiculumque
1185 1695 1305 1767 quaerat
1329 1694 1361 1747 et
1375 1694 1501 1747 sectetur

339 1795 488 1853 verborum
509 1800 639 1852 ornatum
657 1800 687 1851 et
700 1792 837 1853 sonum.“
873 1793 984 1851 Contra
1000 1794 1075 1853 hauc
1098 1794 1360 1874 interpretationem
1385 1812 1420 1851 ea
1444 1810 1502 1868 qua

340 1898 422 1955 decet
441 1914 508 1972 erga
523 1897 613 1955 virum
632 1897 770 1976 optimum
790 1894 948 1953 reverentia
967 1892 1034 1953 olim
1048 1895 1156 1953 surrexi
1170 1896 1200 1952 in
1217 1892 1356 1953 Sesboda'o
1375 1892 1502 1971 „Archiv

339 1998 384 2056 fuir
397 1994 526 2055 Philol.“
553 1998 645 2061 1825.
666 1998 704 2063 ll.
723 1998 754 2060 3.
775 2018 804 2075 p.
822 1997 884 2058 461
903 2014 970 2072 sqq.
1012 1995 1148 2073 Etmilri,
1168 1995 1316 2072 quadnon
1334 2000 1502 2073 arroganter

340 2096 447 2157 dictum
465 2095 617 2157 existimari
631 2100 732 2179 velim,
750 2099 858 2158 assensi
872 2104 942 2157 sunt
962 2096 1387 2169 Senmtdtus‚1100tedorus,
1412 2097 1502 2155 Orel-

340 2198 401 2257 lirsa
425 2199 463 2258 ad
491 2197 519 2256 h.
536 2199 572 2275 l.,
602 2200 657 2263 m.
679 2199 839 2260 Joeobm'us
869 2198 906 2279 (l.
926 2199 946 2260 1.
976 2219 1005 2279 p.
1024 2197 1088 2265 354
1110 2197 1209 2280 sqq),
1236 2199 1293 2262 alii.
1335 2198 1401 2258 Hoc
1414 2217 1502 2257 unum

340 2318 416 2359 nunc
432 2298 496 2359 volo
520 2299 661 2359 additum:
684 2302 875 2362 dmaeaviendi
895 2302 1009 2379 quidem
1026 2294 1226 2379 acerbitatem,
1246 2301 1272 2359 si
1296 2319 1356 2376 qua
1373 2320 1436 2359 esse
1460 2301 1502 2359 vi-

340 2402 459 2477 deatur,
478 2399 560 2459 valde
576 2402 699 2481 mitigari
714 2402 762 2463 illa
782 2402 953 2483 scriptorum
976 2406 1196 2482 consuetudine,
1221 2422 1279 2479 qua
1292 2421 1365 2479 quae
1383 2402 1420 2463 ab
1439 2402 1501 2461 aliis

341 2502 417 2561 lacta
432 2507 564 2579 narrant,
582 2504 637 2582 ipsi
658 2505 787 2565 dicantur
810 2505 920 2583 lacere,
937 2511 970 2564 at
991 2506 1054 2565 Sat.
1070 2508 1105 2584 1,
1121 2507 1182 2584 10,
1198 2506 1251 2569 36.
1293 2504 1388 2565 Multa
1403 2504 1503 2565 talium

341 2603 466 2663 afferunt
481 2603 680 2665 Burmannus
695 2608 733 2667 ad
749 2604 834 2685 Prop.
852 2609 887 2683 1,
903 2610 934 2685 7,
950 2608 981 2668 1·
999 2628 1029 2687 p.
1047 2609 1099 2670 71.
1119 2612 1150 2665 et
1167 2608 1341 2667 Pomanus
1355 2609 1395 2669 ad
1410 2609 1498 2667 eund.

341 2725 372 2784 p.
391 2704 466 2766 306.

428 2803 633 2871 V.15-20.
661 2810 745 2889 Quid
763 2811 839 2869 mihi
854 2844 891 2854 -
912 2810 1070 2874 coloribus.
1105 2810 1190 2888 Quid
1206 2812 1283 2870 milri
1297 2812 1399 2872 Celsus
1412 2811 1504 2892 ugit?

344 2926 379 2967 er
398 2906 504 2965 usitata
528 2909 670 2989 formula,
694 2918 727 2971 ut
748 2914 809 2972 Sat.
827 2914 867 2992 1,
890 2915 928 2991 9,
952 2911 982 2977 4.
1003 2912 1064 2994 (ibi
1079 2914 1202 2994 Heind.)
1232 2915 1310 2994 quid
1323 2916 1408 2994 ogia,
1430 2914 1503 2973 drat-

344 3010 460 3067 cissime
483 3012 608 3070 rerum?
642 3013 736 3075 l’laut.
761 3014 1039 3095 Trin.1‚1,12.
1084 3016 1169 3093 Quid
1188 3020 1256 3095 agit
1276 3029 1331 3076 tua
1350 3018 1448 3075 uxor?
1468 3028 1504 3076 ut

342 3110 447 3170 valet?
481 3111 529 3171 Ci.
556 3113 673 3177 Ruhnk.
703 3118 740 3177 ad
762 3117 848 3176 Ouid.
868 3116 988 3178 Heroid.
1012 3120 1048 3195 6,
1072 3118 1113 3181 25
1131 3123 1162 3176 et
1176 3136 1251 3196 quae
1269 3120 1400 3182 dicentur
1414 3120 1452 3179 ad
1474 3121 1504 3196 1,

343 3218 374 3292 8,
393 3216 425 3277 3.
462 3217 644 3296 Quapropter
669 3238 727 3277 non
751 3220 894 3278 audienda
920 3220 1116 3299 interpretatio
1134 3220 1183 3278 illa
1207 3226 1270 3279 est:
1306 3224 1411 3299 „quod
1431 3238 1504 3300 opus

344 3335 419 3376 nunc
432 3318 518 3377 habet
535 3320 564 3375 in
584 3319 739 3379 manibus?
749 3323 769 3357 “
811 3319 991 3381 Pronominis
1009 3320 1086 3377 mibi
1105 3340 1178 3397 quae
1193 3328 1311 3381 vocatur
1328 3324 1505 3384 abundantia

345 3424 491 3499 utriusque
508 3419 621 3496 linguae
636 3424 791 3481 communis
808 3423 895 3481 hahet
913 3423 958 3482 bic
976 3422 1098 3499 aliquam
1117 3424 1315 3484 familiaritatis
1332 3436 1364 3484 et
1378 3427 1504 3485 mritatis

343 3526 498 3584 notionem.
540 3520 677 3601 Exempla
702 3526 792 3583 omnis
814 3527 927 3604 generis
952 3525 1127 3603 collegerunt
1148 3523 1239 3583 Drak.
1257 3527 1295 3584 ad
1313 3527 1364 3588 Sil.
1389 3529 1429 3603 1,
1449 3524 1502 3588 46.

343 3626 440 3686 Burm.
460 3622 630 3685 adPhaedr·
654 3626 689 3703 1,
706 3629 763 3705 22,
784 3628 814 3691 3.
850 3629 969 3688 Biinem.
990 3630 1028 3687 ad
1049 3626 1181 3687 Laetaut.
1206 3627 1279 3686 lust.
1303 3630 1342 3705 6,
1369 3628 1425 3705 12,
1449 3628 1501 3691 12.

344 3734 374 3785 et
397 3746 470 3803 quos
490 3734 637 3806 praeterea
657 3726 774 3787 laudant
802 3730 976 3788 Sebmids’us
992 3731 1029 3789 ad
1048 3729 1078 3788 h.
1099 3730 1118 3793 l.
1135 3738 1166 3789 et
1180 3727 1313 3787 Iacobus
1332 3729 1370 3788 ad
1382 3726 1502 3789 Lucian.

345 3828 418 3890 Tox.
446 3851 475 3909 p.
500 3829 572 3891 138.
586 3860 629 3872 -
661 3829 762 3889 celon
786 3838 882 3890 autem
900 3832 975 3890 idem
994 3850 1058 3890 csse
1078 3833 1204 3908 ridetur,
1236 3831 1280 3889 cui
1303 3832 1441 3910 inscripta
1460 3837 1508 3891 est

345 3929 476 4009 Epistola
497 3936 613 4006 octava,
635 3948 796 4008 quanquam
818 3934 848 3991 id
870 3939 958 4011 negat
976 3932 1167 3993 Wer'claertus
1186 3933 1242 3993 l.l
1266 3956 1298 4015 p.
1317 3934 1390 3998 382.
1421 3932 1508 3992 Multi

345 4034 458 4091 nomine
477 4034 602 4109 insignes
619 4032 796 4111 reperiuntur
821 4034 918 4106 Celsi,
946 4056 1019 4111 quos
1041 4037 1181 4095 recensuit
1200 4034 1362 4093 Fabricius
1382 4036 1412 4094 in
1431 4034 1505 4095 Bibl.

345 4135 397 4193 lat.
420 4134 456 4211 2,
485 4132 516 4197 4.
547 4133 582 4192 ll.
608 4154 637 4213 p.
664 4135 715 4197 36.
735 4136 779 4197 ed.
800 4135 888 4212 Ern,
919 4156 1040 4213 quocum
1066 4139 1185 4197 conferri
1206 4138 1286 4196 iubet
1316 4137 1507 4198 Wciclsertua

346 4236 509 4295 Schneideri
524 4237 684 4296 Commeat
701 4238 737 4315 1,
753 4239 781 4299 1.
804 4236 840 4300 ll.
862 4260 892 4319 p.
911 4241 960 4303 28.
984 4247 1014 4299 et
1034 4240 1232 4319 Spaldingium
1251 4242 1289 4299 ad
1304 4239 1423 4310 Quintil
1435 4240 1506 4298 last

346 4336 385 4413 3,
411 4336 447 4414 1,
473 4340 523 4401 21.
559 4337 580 4398 l
610 4360 639 4418 p.
668 4336 740 4405 436.
782 4342 846 4409 Quo
872 4343 936 4419 jure
963 4342 1039 4401 bunc
1058 4340 1175 4401 Celsum
1200 4360 1264 4400 esse
1283 4339 1320 4404 A.
1343 4341 1508 4401 Cornelium

348 4436 478 4514 Celsum,
514 4440 653 4499 medicum
678 4441 770 4521 illum,
804 4444 852 4519 qui
880 4444 955 4502 idem
978 4444 1071 4504 scriba
1096 4462 1248 4520 comesque
1274 4443 1382 4504 Tiberii
1409 4442 1507 4519 luent,

348 4539 500 4617 opinentur
522 4541 711 4603 Bunoomus
732 4552 762 4603 et
789 4544 1006 4625 Selsillr'rsgius,
1046 4546 1173 4606 nondum
1202 4550 1378 4626 compertam
1401 4542 1506 4606 habeo.
