3450 5334
344 473 409 539 200
448 473 735 538 constantina
755 473 799 536 IN
820 472 995 536 aonam
1014 473 1090 538 LlB.
1112 474 1136 536 1.
1157 473 1283 537 EPIST.
1301 475 1422 542 TERT.
1466 482 1510 542 10

345 681 403 723 non
423 670 492 724 suut
514 664 663 742 audiendi,
691 665 755 741 qui,
781 669 816 724 ut
833 663 1030 741 Britannicus,
1058 662 1200 741 irmionis,
1228 661 1422 745 Despreaius,
1448 666 1506 744 alii,

346 764 403 824 od
420 764 451 844 4,
468 769 498 830 2.
514 765 606 824 eidem
622 763 707 824 Floro
719 765 884 843 inscriptam
897 765 1060 844 opinantur.

430 865 562 944 „Florus
572 865 663 943 fuit“,
685 871 718 924 ut
730 865 771 924 ait
781 863 977 945 Porphyrion,
994 866 1179 944 „Satirarum
1191 867 1331 945 scriptor,
1342 868 1420 945 eujus
1435 872 1503 925 sunt

345 969 451 1028 electae
467 986 503 1026 er
516 966 629 1043 Ennio,
648 965 773 1044 Lucilio,
797 965 935 1033 Varrone.
978 967 1048 1028 Fuit
1062 974 1158 1026 autem
1178 987 1251 1027 unus
1270 986 1304 1026 ex
1321 968 1434 1027 Claudii
1445 966 1504 1026 Ne·

344 1070 421 1128 roais
450 1068 575 1130 cohorte.
584 1067 605 1104 ‘⁶
653 1067 763 1145 amon,
796 1069 840 1126 eui
866 1069 906 1126 ad
933 1069 1050 1130 verbm
1079 1071 1221 1130 consentit
1250 1069 1346 1129 Sehol
1370 1068 1503 1145 Cruquii:

343 1169 454 1248 „Julius
475 1168 596 1249 Florus,
615 1169 654 1227 ad
674 1185 758 1244 quem
778 1167 849 1228 haec
868 1170 1136 1251 scriptuleguntur,
1155 1174 1186 1232 in
1199 1171 1316 1232 eohorte
1333 1170 1388 1228 fuit
1401 1171 1504 1228 amieo-

344 1290 422 1348 rum,
450 1271 470 1332 i.
492 1289 518 1331 e.
536 1271 610 1329 inter
635 1270 739 1329 amioos
751 1269 859 1329 Tiberii
872 1270 996 1332 Neronis
1009 1274 1138 1352 Claudii,
1158 1275 1206 1351 qui
1218 1273 1256 1333 ab
1268 1273 1400 1350 Augusto
1412 1272 1504 1350 impe-

343 1373 417 1432 rium
440 1371 570 1452 accepit“
588 1378 643 1431 etc.
685 1369 732 1430 De
754 1370 808 1432 hoc
831 1372 905 1433 lulio
927 1373 1013 1435 Floro
1034 1376 1159 1454 erudite,
1182 1381 1216 1434 ut
1232 1375 1326 1452 solet,
1346 1372 1504 1451 disputarit

348 1472 539 1534 Wiohertuo
551 1472 581 1529 in
599 1473 686 1530 Poet.
706 1474 780 1532 Lat.
798 1475 902 1554 Reliq.
925 1497 954 1556 p.
968 1475 1033 1544 364
1047 1495 1112 1554 sqq.
1154 1475 1183 1535 Is
1196 1474 1399 1556 Porphyrionis
1415 1471 1504 1533 verba

344 1577 385 1635 ita
413 1573 596 1652 intelligenda
616 1580 716 1654 putat,
742 1576 909 1636 atriorum
937 1595 972 1638 ex
998 1577 1109 1657 Ennio,
1136 1580 1266 1659 reliquis,
1293 1596 1367 1655 quos
1390 1581 1505 1635 constet

344 1677 490 1757 scripsisse
509 1675 635 1755 Satires,
662 1677 872 1756 praestantiora
892 1679 1016 1738 earmina
1033 1681 1154 1759 elegisse
1178 1700 1269 1759 eaque
1287 1681 1410 1740 fortasse
1429 1677 1504 1737 anti-

344 1779 460 1856 quitatis
482 1779 578 1856 rigore
599 1779 787 1854 rordibuqoe
800 1777 936 1839 astura
951 1787 984 1838 et
998 1784 1193 1845 mdatiora
1205 1790 1237 1842 et
1249 1783 1425 1860 elegantiora
1441 1782 1502 1840 odi-

344 1882 420 1940 disse
437 1887 605 1940 statuamus.
648 1875 804 1958 Propterea
818 1879 887 1941 Viro
902 1881 1066 1944 doctissimo
1083 1885 1196 1944 videtur
1212 1885 1334 1964 factum,
1355 1889 1387 1942 ut
1400 1882 1502 1942 Florus

343 1987 406 2062 ipae
429 1983 586 2042 Satirarum
606 1982 728 2061 scriptor
750 1981 949 2061 appellaretur.
1000 1987 1109 2055 Quidni
1131 1988 1276 2066 scripserit
1294 1987 1357 2063 ipse
1369 1983 1502 2044 Satirasi

343 2085 485 2162 Quicquid
510 2090 571 2162 est,
592 2084 650 2143 reri
664 2083 781 2142 similius
801 2083 950 2144 habebitur
964 2087 1043 2162 quod
1064 2089 1102 2146 de
1114 2089 1217 2168 Floro,
1237 2089 1277 2148 ld.
1293 2087 1386 2148 Porcii
1398 2083 1503 2145 Latro-

343 2189 388 2246 nis
410 2188 555 2263 auditore,
582 2203 666 2262 quem
684 2195 885 2248 commemorat
904 2189 1013 2248 Senem
1026 2189 1056 2248 ia
1077 2191 1215 2253 Contror.
1239 2190 1276 2269 4,
1303 2190 1355 2255 25.
1383 2209 1414 2268 p·
1428 2188 1501 2252 283·

343 2289 420 2369 Bip.,
441 2287 559 2346 tradunt
580 2287 782 2366 Spaldmgios
799 2291 838 2348 ad
853 2290 975 2362 Quintil.
989 2291 1062 2354 lust.
1078 2292 1175 2369 10,a‚
1199 2292 1247 2354 13.
1265 2298 1296 2351 et
1310 2289 1502 2350 Weiclssrnea

343 2392 397 2451 boc
411 2392 474 2469 ipso
490 2389 563 2452 looo.
605 2389 698 2447 Julius
712 2389 813 2449 Florus
833 2396 867 2449 ut
884 2391 960 2450 idem
972 2392 1073 2469 fuerit,
1093 2411 1177 2468 quem
1190 2393 1380 2463 Quintilianus
1392 2393 1426 2448 in
1439 2389 1501 2446 elo-

344 2493 467 2572 quentia
491 2488 672 2556 ,Galliarum
691 2493 862 2570 prawapem
881 2499 981 2571 voest,
1002 2501 1034 2552 at
1054 2491 1177 2551 dubitari
1198 2499 1312 2572 potest,
1334 2493 1413 2570 quod
1432 2509 1502 2572 pru-

343 2596 444 2653 denter
458 2590 625 2670 agrotavit
645 2591 799 2663 ordina,
819 2595 941 2653 eundem
951 2593 1057 2653 Julium
1067 2593 1183 2653 Florum
1196 2594 1342 2652 minimum
1354 2590 1395 2654 65
1410 2609 1501 2651 annos

343 2691 443 2756 naam
465 2692 716 2752 manahem
738 2679 919 2753 acerrimum
936 2694 1107 2754 rebellionis
1129 2699 1206 2754 mter
1226 2698 1368 2755 aram
1384 2695 1500 2774 surbac,

343 2804 418 2858 teste
430 2795 533 2879 Taoito
545 2795 575 2855 in
588 2792 692 2856 Amal.
708 2795 748 2873 3,
768 2793 838 2876 40„
860 2816 946 2874 quam
956 2817 1034 2877 rem,
1054 2818 1127 2877 qaae
1138 2799 1237 2859 iuddit
1249 2800 1280 2857 iu
1291 2817 1318 2858 a
1332 2797 1373 2860 U.
1386 2796 1422 2856 C.
1437 2793 1500 2858 774

343 2907 373 2960 et
397 2905 528 2959 octavum
548 2896 658 2958 Tiberii
681 2899 845 2976 imperantis
866 2918 987 2978 mum,
1009 2906 1130 2978 uterque
1153 2902 1196 2960 vir
1209 2899 1389 2961 doctushuio
1409 2897 1502 2958 eidem

342 3002 427 3062 Floro
442 3001 596 3062 attribuere
607 3019 667 3059 non
681 2999 800 3064 dubitat.
842 3001 978 3062 Ceterum
993 3002 1107 3062 silentio
1120 3021 1179 3062 nou
1189 3007 1237 3062 est
1249 3001 1503 3083 praetermittenda

349 3107 498 3164 ibrrmtd
519 3103 632 3182 opinio,
651 3122 737 3180 „qua
757 3101 848 3162 Julius
868 3103 970 3164 Florus
991 3123 1009 3162 e
1029 3105 1174 3183 provincia
1187 3105 1300 3164 videtur
1312 3106 1415 3178 fuisse3
1435 3121 1503 3161 nam

342 3207 474 3268 Caesaris
506 3205 652 3266 dictatoris
680 3205 815 3266 beneficio
840 3206 923 3266 multi
948 3206 1160 3286 provincialium
1181 3209 1229 3284 jus
1255 3207 1378 3267 eiulatis
1401 3205 1502 3283 adepti

341 3315 495 3390 propterea
518 3308 548 3367 in
572 3324 676 3366 nomen
696 3309 791 3385 genus
809 3308 901 3368 Juliae
918 3308 1050 3368 venere.“
1090 3309 1119 3368 Δ
1134 3309 1287 3369 Torreutio
1305 3327 1364 3369 uon
1381 3306 1502 3366 multum

341 3410 495 3472 abhorrent
515 3410 698 3470 dundanae
713 3411 751 3470 ad
764 3411 857 3490 Epist.
874 3413 946 3490 2,2‚
960 3416 987 3474 1.
1003 3419 1034 3470 et
1046 3409 1226 3490 Dongrhaelb
1239 3411 1309 3493 (ΙΙΙ.
1323 3431 1353 3490 p.
1369 3410 1441 3474 172·
1454 3408 1501 3466 orb

343 3510 404 3592 2.)‚
436 3518 540 3592 utpote
560 3515 608 3588 qui
627 3511 743 3573 Florum
764 3513 881 3572 natione
901 3513 1016 3572 Gallum
1037 3514 1125 3572 fuisse
1145 3515 1306 3594 opinentur.
1348 3509 1414 3571 aaa
1433 3511 1499 3570 ride

342 3616 420 3694 apud
435 3617 574 3672 Messon.
591 3615 622 3674 in
644 3615 705 3674 Vit.
724 3617 835 3674 Horat.
852 3637 883 3697 p.
897 3617 961 3680 290
979 3633 1046 3693 sqq.

425 3717 546 3796 Restat,
566 3723 600 3776 ut
621 3723 751 3796 tempus,
780 3737 837 3794 quo
859 3719 966 3796 scripta
988 3718 1027 3776 sit
1055 3716 1126 3777 haee
1145 3715 1294 3796 Epistola,
1322 3713 1500 3774 mnus.

341 3819 537 3900 Expeditiouis
561 3825 657 3880 autem
686 3818 867 3882 Armeniacae
890 3819 1046 3901 locupletes
1073 3824 1188 3879 exstant
1212 3823 1316 3895 testes,
1347 3823 1381 3876 ut
1401 3815 1502 3894 Vellej·

342 3922 452 3983 Patere.
470 3925 507 4001 2,
528 3919 581 3984 94.
599 3923 664 4000 ibiq.
678 3921 849 3995 Ruhnken,
876 3923 994 3982 Sueten.
1010 3921 1076 3983 Tib.
1095 3921 1125 3982 9.
1144 3917 1193 3982 14.
1209 3919 1282 3985 Tae.
1295 3917 1400 3984 Ama.
1416 3921 1447 3997 2,
1469 3918 1502 3982 3.

342 4026 412 4104 ibiq·
425 4024 516 4104 Lipa,
535 4021 592 4084 Dio
604 4025 686 4086 Cass.
698 4023 750 4103 54,
771 4024 800 4084 9.
831 4023 879 4082 Cf.
893 4024 1023 4084 Norisius
1037 4023 1076 4084 ad
1089 4021 1250 4101 Ceaotaph.
1262 4021 1358 4084 Pisan.
1369 4019 1447 4080 Diss-
1460 4018 1502 4097 11,

292 4118 295 4124 ¹
342 4128 373 4190 9.
394 4150 423 4209 p.
441 4127 524 4206 186,
544 4127 595 4189 16.
620 4147 649 4208 p.
666 4127 738 4193 293.
779 4125 906 4186 Messon.
926 4126 946 4186 l.
968 4125 1033 4205 hp.
1048 4124 1111 4187 285
1124 4143 1201 4202 sqq,
1217 4123 1394 4184 Sahmidad
1406 4122 1501 4200 Epist.

344 4231 395 4308 12,
416 4231 485 4308 26.‚
506 4230 629 4309 interpp·
654 4233 694 4290 ad
708 4230 768 4293 od.
787 4232 824 4305 2,
846 4227 882 4305 9,
904 4227 954 4291 19.
995 4227 1040 4286 Er
1053 4226 1097 4286 b'u
1117 4227 1187 4306 ipsis
1200 4227 1296 4304 colligi
1308 4225 1392 4302 lieet,
1413 4223 1501 4284 Tibe-

343 4331 414 4390 rium
432 4334 548 4392 ineunte
565 4349 641 4391 auno
664 4329 701 4392 U.
719 4330 755 4389 C.
771 4326 835 4392 734
855 4330 950 4390 adisse
969 4326 1131 4406 huguabrm
1151 4331 1182 4389 in
1196 4331 1284 4389 Samo
1304 4329 1502 4388 hibernantem

343 4437 429 4509 atque
442 4434 509 4492 iude
522 4453 610 4494 veruo
626 4439 755 4513 tempore
773 4433 811 4492 ad
827 4431 996 4511 eraoitum,
1016 4449 1101 4508 qoem
1116 4432 1147 4492 iu
1161 4433 1309 4492 Orientem
1323 4430 1387 4489 duoi
1398 4426 1501 4504 jussis-

344 4541 388 4596 set
414 4533 578 4616 aquus,
606 4556 670 4598 esse
692 4536 870 4618 proiectum,
897 4553 955 4612 quo
980 4533 1082 4595 nuntio
1100 4533 1223 4598 Romam
1240 4535 1328 4598 allato
1347 4528 1499 4592 Horatium
