3450 5334
363 488 436 557 aaa.
485 490 1011 556 commmunumnonunn
1024 491 1099 555 nne.
1110 492 1133 555 1.
1147 492 1275 557 uersu
1285 494 1398 557 seur.
1455 500 1523 567 120

361 680 386 742 1.
402 699 433 760 p.
451 678 525 747 225.
554 714 598 727 -
627 698 737 741 meum
756 679 931 759 malumque
954 678 1105 741 Sabutum
1120 690 1177 745 etc.
1220 681 1254 743 ln
1275 681 1330 743 hac
1349 682 1434 745 laude
1451 684 1518 745 nihil

360 782 438 843 alind
464 785 520 843 nisi
548 785 652 843 festiva
676 784 832 863 descriptio
861 785 1089 861 consuetudinis,
1127 803 1185 862 qua
1208 784 1337 844 homines
1364 786 1518 865 populares

360 886 472 945 urbium
490 886 640 946 moenibus
659 885 759 945 inclusi
786 885 956 962 simulatque
976 887 1113 963 angustiis
1140 889 1251 965 egressi
1277 887 1406 946 locorum
1433 907 1520 967 pere«

360 989 444 1067 guina
461 988 575 1065 rident,
611 990 747 1048 1111111111
765 989 898 1066 omnique
917 987 1004 1047 modo
1025 990 1199 1067 praedicant.
1243 989 1347 1069 Neque
1368 1010 1437 1051 vero
1454 992 1517 1051 sine

356 1092 436 1167 justa
460 1110 546 1150 eausa
573 1090 696 1151 laudarit
721 1091 813 1150 bonus
834 1092 930 1151 hiena.
973 1090 1081 1150 Sabina
1102 1093 1176 1151 enim
1200 1097 1279 1151 terra
1305 1094 1518 1170 amoenissima,

358 1211 458 1251 arvum
479 1195 584 1253 sinon
604 1193 709 1270 ubique
732 1193 903 1253 uberrimum
910 1233 921 1271 ,
952 1198 982 1251 at
1003 1192 1123 1271 laetum,
1157 1194 1266 1254 eoelum
1286 1196 1467 1273 purissimum
1487 1200 1517 1255 et

358 1295 486 1355 violaceo
509 1296 606 1355 colore
626 1297 687 1355 fere
709 1298 884 1355 distinctum.
927 1294 992 1353 Vud.
1020 1295 1104 1357 Guil.
1128 1295 1337 1375 Wuihliugeri
1364 1296 1518 1374 „Wunde-

357 1416 471 1475 rungeu
489 1398 535 1456 ins
551 1397 764 1457 Sabinerland“
782 1399 812 1457 in
832 1396 1030 1475 „Wegweiser
1048 1400 1087 1458 im
1107 1399 1229 1459 Gebiete
1250 1400 1282 1459 d.
1296 1399 1337 1457 K.
1351 1419 1380 1457 u.
1396 1398 1445 1459 W.
1467 1418 1518 1457 zur

359 1493 608 1577 Abendzeitung“
640 1503 734 1567 1827.
753 1501 793 1561 Ν.
811 1498 863 1563 59.
883 1502 934 1565 62.
958 1496 999 1561 64
1015 1518 1080 1577 sqq.
1104 1506 1135 1559 et
1156 1502 1232 1559 conf.
1263 1500 1421 1579 „Zeitung
1441 1501 1463 1561 s.
1484 1502 1515 1563 d.

359 1598 435 1677 eleg.
457 1599 558 1660 Welt“
581 1604 675 1671 1828.
695 1604 735 1663 Ν.
755 1604 828 1670 231.
874 1603 1059 1680 Quapropter
1077 1619 1198 1679 vereor,
1230 1610 1263 1663 ut
1284 1604 1413 1663 exomni
1433 1608 1518 1682 parte

358 1718 427 1761 vera
443 1704 482 1763 sit
504 1702 613 1761 Orellii
631 1706 844 1785 interpretatio:
866 1702 959 1781 „Etsi
979 1722 1114 1781 asperum
1134 1708 1196 1763 erat
1216 1703 1309 1763 solum
1328 1705 1517 1783 frigidiusque

357 1804 466 1864 caelum
488 1805 640 1883 Sabinum,
660 1803 767 1865 nmen
786 1807 893 1865 homini
913 1807 958 1865 vix
979 1824 1102 1881 unquam
1129 1813 1209 1867 exoa
1226 1806 1313 1866 Urbis
1330 1826 1428 1867 muros
1447 1826 1517 1866 eva-

357 1908 420 1985 gari
439 1908 527 1968 solito
547 1891 761 1968 amoenissimus
781 1906 931 1968 ridebatur
951 1907 1095 1967 tractus.“
1129 1908 1292 1967 Merkeliue
1312 1930 1427 1989 quoque
1448 1929 1515 1973 coe-

358 2008 424 2066 lum
440 2028 527 2070 sensu
542 2009 645 2071 latiore
665 2015 884 2091 interpretatur:
908 2011 1020 2089 „preist
1040 2009 1101 2067 laut
1121 2028 1152 2069 er
1175 2011 1226 2069 das
1244 2010 1369 2070 Clima.“

442 2109 477 2170 V.
496 2115 550 2177 78.
573 2114 627 2176 79.
675 2114 830 2174 71111-
850 2114 979 2192 quaerit.
1002 2110 1138 2191 ridetque
1159 2111 1243 2174 Phil.
1265 2112 1438 2190 „shnltih'am
1450 2110 1516 2173 Me·

357 2230 423 2289 nae,
441 2216 491 2291 qui
509 2215 592 2275 dolos
608 2236 668 2276 non
687 2216 821 2294 intelligit
835 2217 998 2293 gaudetque
1017 2233 1078 2273 rem
1095 2211 1212 2292 pulchre
1234 2216 1428 2293 procedere.“
1466 2216 1516 2275 Vu-

356 2317 474 2373 ctorius.
518 2319 625 2387 Quidni
651 2320 746 2379 riserit
772 2320 810 2377 de
838 2318 952 2377 homine
976 2318 1099 2396 simplici
1120 2336 1269 2395 rerumque
1286 2316 1448 2396 imperito?
1475 2351 1518 2363 —

357 2418 433 2476 dum
449 2421 594 2497 requiem,
615 2420 690 2478 dum
709 2424 789 2478 treus
809 2419 885 2477 und.
910 2420 1037 2497 quaerit.
1056 2420 1203 2498 Requiem
1223 2440 1308 2497 quum
1324 2420 1519 2499 intelligerent

356 2521 578 2597 „deversorium
600 2523 744 2599 quoddam
763 2542 815 2580 sen
835 2521 940 2598 locum,
961 2541 1018 2597 quo
1031 2520 1177 2599 Philippus
1196 2522 1252 2581 iter
1272 2524 1301 2581 in
1323 2542 1402 2582 snam
1420 2523 1519 2583 villam

356 2626 484 2681 factrnrns
504 2624 755 2701 interjungeret,“
775 2623 916 2693 Baetem,
939 2623 1046 2693 Germ,
1072 2623 1230 2683 Welond.
1241 2668 1254 2697 ,
1275 2624 1427 2705 Habers„
1448 2626 1517 2683 Ho-

357 2724 539 2803 11111111,
561 2726 635 2784 hanc
654 2727 825 2785 sententium
844 2726 980 2785 refutavit
1001 2726 1274 2801 Mstsoherlichium
1295 2728 1344 2786 Vir
1365 2729 1403 2786 de
1421 2728 1517 2788 Hora-

355 2832 398 2890 h'o
422 2831 530 2910 optime
548 2830 676 2903 meritus,
696 2829 726 2887 in
745 2828 864 2901 Bacem.
886 2828 993 2887 Venus.
1015 2828 1100 2887 Fuso.
1122 2830 1171 2889 ΠΙ.
1196 2851 1227 2910 p.
1245 2829 1277 2891 9.
1299 2830 1344 2889 his
1364 2832 1440 2891 inter
1460 2830 1517 2889 alia
1551 2809 1554 2817 .

261 2950 269 2971 .
357 2950 425 2989 usus
446 2929 556 2989 verbis:
577 2932 660 3007 „Sed
681 2932 752 3008 istas
770 2931 974 3011 explicationes
993 2950 1079 3010 quum
1095 2932 1183 2992 totius
1202 2933 1329 2992 contexti
1347 2934 1435 3011 ratio,
1455 2940 1514 2991 tum

357 3050 386 3095 v.
406 3034 487 3092 rebus
496 3076 508 3104 ,
528 3052 651 3112 quocum
668 3036 799 3113 requiem
816 3043 878 3095 arte
900 3052 1057 3093 connexum
1076 3040 1137 3110 est,
1154 3032 1239 3112 plane
1255 3052 1394 3113 respuere
1413 3036 1514 3095 videu-

356 3142 414 3199 tor.
456 3136 613 3215 Philippus,
627 3138 718 3215 probe
731 3139 876 3216 cognitum
889 3136 1010 3213 habens,
1032 3134 1172 3195 Volteium
1186 3136 1261 3195 ritae
1278 3138 1412 3214 rusticae,
1430 3156 1518 3217 qnam

356 3257 432 3300 nemo
449 3244 601 3316 tantopere
617 3238 735 3298 extollat
752 3245 783 3297 et
802 3245 930 3318 expetat,
949 3258 1027 3316 mox,
1048 3236 1097 3297 ubi
1116 3239 1309 3318 experimento
1328 3256 1392 3299 eam
1406 3258 1514 3317 cogno·

356 3344 463 3418 111111,
499 3347 663 3420 pertaesum
684 3340 818 3399 urbanam
838 3345 1073 3420 praeoptaturum
1092 3360 1175 3419 esse,
1211 3341 1295 3401 facile
1318 3342 1515 3420 praevidebat,

357 3442 501 3503 hominem
522 3462 558 3503 ex
578 3440 687 3501 urbano
707 3444 843 3502 meticum
862 3444 969 3502 sactum
991 3443 1102 3520 largam
1123 3443 1179 3522 ipsi
1195 3444 1307 3503 ridendi
1320 3442 1514 3520 praebitumm

358 3564 424 3604 esse
442 3545 606 3621 materiem,
628 3546 694 3604 ideo
713 3545 905 3624 persuadebat
923 3547 967 3620 ei,
986 3553 1018 3605 ut
1039 3546 1162 3622 agellum
1186 3551 1369 3607 mercaretur.
1411 3546 1512 3623 ltaque

357 3644 504 3724 Philippus
519 3648 629 3723 quaerit
643 3650 788 3725 requiem,
808 3648 837 3706 h.
846 3669 873 3711 e.
886 3648 1102 3726 recreationem,
1123 3648 1353 3723 oblectationem,
1376 3656 1407 3708 et
1419 3650 1515 3718 risus,

357 3749 469 3808 ridendi
496 3750 660 3823 materiam,
696 3768 789 3826 neque
815 3752 964 3826 quicquam
988 3752 1119 3828 amplius.
1162 3750 1297 3809 Similiter
1317 3750 1369 3810 Sil.
1390 3750 1456 3811 Ital.
1478 3750 1523 3827 3,

357 3845 625 3927 349.ibiq.1)rah
668 3852 759 3908 Haec
773 3854 889 3931 requies
911 3853 1061 3931 ludueque
1076 3854 1170 3925 viiie,
1200 3872 1236 3909 eu
1253 3872 1343 3910 sacra
1360 3851 1508 3929 voluptas.

358 3952 420 4011 cio.
436 3952 502 4011 Cat.
523 3953 591 4029 maj.
619 3951 670 4028 15,
691 3952 742 4017 52.
790 3954 910 4012 Sats'esri
925 3954 1119 4014 delectatione
1139 3974 1355 4031 nortpertum,
1374 3962 1409 4011 111
1427 3970 1512 4011 meae

358 4055 515 4113 serectutic
534 4056 668 4133 requiem
689 4054 997 4137 oblectamentumque
1010 4058 1148 4117 noscatis.
1184 4056 1288 4133 Neque
1303 4057 1400 4134 inepte
1412 4054 1514 4115 blath-

356 4156 458 4216 landus
477 4155 626 4215 desdam
645 4176 693 4236 ap.
716 4159 790 4219 Stat
812 4160 842 4219 iu
867 4160 938 4219 Silv.
961 4158 1001 4236 4,
1030 4160 1072 4235 6,
1099 4159 1152 4221 30.
1182 4178 1248 4217 cum
1267 4158 1426 4217 Horatiano
1447 4158 1513 4217 loco

358 4258 539 4339 1111111111.ις
583 4259 674 4320 Aliter
688 4261 777 4320 sentit
796 4261 936 4319 Euthiam
944 4302 957 4331 ,
977 4280 1063 4339 quem
1083 4261 1147 4319 vide
1164 4262 1194 4319 in
1215 4265 1340 4321 extremo
1362 4259 1467 4319 libello.

441 4360 477 4421 V.
496 4362 650 4425 80—83.
693 4364 781 4421 Dum
805 4374 917 4441 septem
940 4394 983 4409 -
1000 4364 1045 4437 fit
1067 4365 1207 4421 rusticus.
1251 4364 1309 4431 Qui
1332 4364 1516 4421 offenduntur

359 4463 481 4538 repetito
497 4463 591 4533 dum,
627 4468 704 4544 apud
724 4486 757 4525 sc
781 4473 915 4544 reputent
936 4467 1073 4525 sermonis
1096 4466 1250 4542 quotidiani
1271 4464 1436 4523 brevitatem
1460 4464 1516 4523 bac

359 4562 473 4639 quidem
486 4566 645 4625 sententia:
663 4566 731 4643 „Eo
748 4569 826 4645 quod
845 4568 949 4628 hienae
970 4570 1060 4631 donat
1083 4570 1226 4629 dimidiam
1242 4568 1325 4648 pretii
1343 4574 1458 4647 partem
1477 4569 1518 4629 ad
