3450 5334
225 498 267 563 19
340 492 1257 561 conmmNTsm11Nflonsm1Lm.1.semmam.
1318 493 1383 562 287

223 684 379 761 Numisio,
411 700 468 761 quo
499 679 576 743 XVI.
620 682 760 759 erintio,
787 682 832 743 vel
859 682 939 743 xlx.
982 682 1155 744 Maecenati.
1198 686 1384 765 Quapropter

223 789 296 849 levis
316 786 367 847 illa
389 786 483 847 ironia
503 805 557 864 per
578 788 670 845 totam
689 783 850 863 Epistolaur
874 784 980 846 diffusa
1002 806 1065 845 rem
1084 788 1297 865 perstringere,
1325 809 1384 848 non

222 908 378 970 personam
401 887 528 966 putanda
550 891 608 947 ast.
653 886 701 946 Cf.
728 893 826 949 annot.
851 888 889 947 ad
908 888 1005 967 Epist.
1033 891 1071 965 1,
1097 890 1126 951 1.
1156 908 1186 967 p.
1210 888 1262 955 25.
1291 895 1320 949 et
1344 891 1384 948 ad

222 992 261 1071 6,
295 994 327 1055 8.
356 990 389 1052 9.
417 1009 448 1068 p.
470 982 543 1053 264.
586 986 642 1051 His
668 990 773 1069 positis
803 1008 912 1051 summa
940 990 1091 1073 Epistolae
1118 992 1217 1069 paucis
1252 991 1382 1051 concludi

221 1100 320 1174 potest
342 1092 458 1153 verbis:

308 1195 363 1255 Est
393 1210 533 1253 summum
553 1190 660 1251 bonnm
682 1192 769 1272 idque
789 1192 917 1272 positum
938 1194 969 1254 in
990 1212 1026 1255 ea
1043 1193 1159 1253 vivendi
1186 1193 1318 1270 ratione,
1349 1199 1382 1255 nt

220 1297 469 1377 perturbationum
485 1312 588 1373 expers
605 1292 666 1371 sis,
690 1294 760 1355 nihil
783 1314 878 1373 neque
899 1297 1018 1374 cupiens
1037 1315 1093 1356 nec
1112 1296 1226 1355 timens.
1270 1296 1383 1365 Quodsi

221 1399 292 1460 haec
317 1396 443 1457 conditio
469 1400 501 1456 te
524 1395 622 1454 reddit
643 1398 773 1476 perfecte
793 1396 909 1456 beatum
915 1436 928 1475 ,
948 1396 1023 1458 hauc
1044 1418 1139 1457 orsam
1153 1400 1259 1457 ceteris
1280 1398 1381 1457 studiis

221 1502 337 1563 omissis
367 1516 490 1578 sequere
516 1498 670 1558 virinum.
713 1498 749 1559 V.
772 1496 888 1563 1-14.
922 1501 1005 1571 Quae
1027 1499 1053 1559 si
1077 1502 1116 1560 ad
1136 1500 1211 1560 bene
1231 1500 1382 1559 vivendum

221 1624 281 1663 non
305 1604 379 1663 satis
397 1618 487 1682 posse
508 1600 670 1680 videbitur,
691 1602 731 1661 ad
750 1600 929 1659 divdmnrm
949 1622 1087 1663 summum
1105 1602 1211 1663 bonurn
1230 1608 1261 1660 te
1283 1602 1381 1661 confer

220 1711 253 1765 et
274 1706 304 1764 in
330 1724 367 1765 eo
393 1702 596 1781 consequendo
619 1704 701 1783 quasi
720 1702 934 1763 tabmnacul-
947 1704 1024 1764 vitna
1038 1703 1158 1766 colloca.
1190 1702 1225 1763 V.
1242 1704 1379 1769 15-a1.

219 1807 299 1867 Idem
319 1805 497 1883 faciendum,
519 1824 605 1884 quum
625 1807 677 1867 fibi
695 1806 884 1886 proposueris
899 1806 1016 1866 tertium
1034 1806 1179 1884 quoddam
1193 1807 1294 1865 summi
1312 1804 1381 1864 boni

218 1928 327 1987 genus,
350 1908 430 1987 quod
450 1909 577 1969 cernitur
597 1911 628 1971 in
648 1908 797 1969 donorum
819 1906 1007 1987 amplitudine
1026 1926 1062 1967 ac
1081 1907 1256 1988 splendore,
1285 1926 1313 1965 v.
1337 1902 1380 1967 49

217 2010 320 2088 -66,
341 2009 388 2071 vel
412 2017 562 2089 quartmn,
587 2011 666 2090 quod
694 2012 780 2071 situm
802 2016 849 2069 est
867 2011 898 2068 in
924 2012 989 2069 vr'ta
1008 2009 1097 2067 hrota
1123 2026 1298 2084 mensaeque
1326 2008 1380 2065 de-

218 2112 300 2173 liciis·
343 2112 379 2171 V·
401 2109 539 2177 66-64.
567 2114 620 2175 Sin
636 2114 729 2193 magis
750 2111 890 2193 placuerit
909 2112 986 2171 aliud
1006 2130 1145 2172 summum
1157 2110 1280 2184 bonum,
1302 2109 1379 2186 qnod

219 2216 315 2275 estin
338 2234 460 2287 ancora,
477 2215 543 2275 lruic
566 2220 659 2277 totum
672 2222 703 2277 te
723 2216 817 2276 trade.
860 2215 896 2275 V.
911 2214 964 2277 66.
985 2214 1038 2275 66.
1063 2213 1145 2275 Haec
1157 2213 1273 2291 quidem
1286 2212 1378 2270 habeo

217 2336 378 2395 erponem
408 2318 434 2377 si
459 2318 576 2379 saniora
599 2318 774 2400 melioraque
795 2320 890 2395 scies,
909 2334 957 2377 me
976 2316 1066 2394 dooe,
1095 2315 1142 2375 sin
1161 2315 1273 2392 minus,
1295 2319 1378 2374 utere

215 2418 298 2479 meis.
340 2416 375 2477 V.
398 2419 450 2482 67.
473 2422 526 2484 68.

301 2520 334 2579 Si
354 2522 516 2599 quaeritur,
543 2543 594 2583 cur
613 2522 683 2583 talia
703 2522 839 2586 Horatius
861 2540 926 2581 omn
943 2520 1078 2583 Nurnicio
1097 2519 1326 2596 communicarit,
1347 2519 1379 2577 id

215 2638 262 2683 me
290 2624 404 2683 nescire
430 2626 554 2705 ingenue
576 2627 700 2687 fatebor.
744 2626 914 2705 Quanquam
937 2623 1124 2703 inpromptu
1145 2626 1192 2681 est
1213 2624 1378 2700 conjectura

216 2726 288 2785 satis
309 2724 486 2805 probabilis,
506 2728 680 2807 ultraquam
699 2746 801 2805 nemo,
821 2747 859 2788 ne
879 2722 1065 2806 politissimus
1086 2726 1219 2803 quidem,
1240 2724 1378 2803 progredi

216 2831 324 2905 potest.
368 2826 427 2889 sut
460 2830 611 2891 Numicius
638 2828 758 2891 Portam
786 2828 955 2888 adhortatus
980 2829 1044 2901 est,
1071 2828 1105 2883 ut
1129 2826 1209 2902 cujus
1236 2824 1282 2885 rei
1309 2824 1377 2884 olim

216 2930 334 2989 lecisset
371 2932 545 2995 mentionan
572 2932 635 2993 Sat.
660 2934 699 3009 2,
725 2930 767 3008 6,
802 2930 874 3005 76,
905 2946 969 2988 eam
998 2932 1222 3005 persequeretur
1249 2926 1376 3005 plenius,

216 3039 266 3093 aut
294 3032 432 3095 Horatius
454 3054 486 3095 se
514 3036 581 3117 ipso
609 3038 729 3095 auctore
756 3030 831 3092 hanc
857 3029 895 3089 de
914 3047 1024 3089 srnnmo
1049 3028 1126 3087 bono
1153 3028 1376 3109 disputationem

216 3134 351 3197 Numisio
383 3138 548 3218 inscripsit,
581 3156 667 3216 quem
697 3126 800 3215 utpote
835 3133 928 3192 vinum
955 3131 1030 3191 bene
1057 3136 1160 3191 natrrra
1191 3133 1376 3191 constitutum

215 3237 320 3299 talibus
341 3242 504 3320 praecepfis
526 3240 664 3302 delectari
683 3237 776 3319 probe
795 3240 906 3295 nosset.
949 3233 1098 3293 Orationis
1122 3232 1203 3292 color
1218 3252 1272 3313 per
1283 3238 1376 3293 totam

214 3342 277 3399 sere
297 3341 458 3420 Epistolanr
475 3362 549 3403 unus
574 3348 623 3404 est
648 3348 680 3403 et
698 3339 755 3401 sibl
779 3336 896 3413 similis,
917 3335 974 3396 nisi
991 3336 1022 3394 in
1043 3353 1079 3394 eo
1105 3334 1187 3414 loeo,
1212 3352 1270 3413 qno
1282 3333 1375 3395 Poeta

214 3444 345 3504 acerbius
376 3446 407 3504 ἰιι
437 3464 489 3506 eos
517 3444 676 3521 invehitur,
709 3442 758 3521 qui
784 3440 870 3520 gulae
897 3437 1087 3499 inservientes
1114 3456 1198 3497 omne
1226 3438 1374 3517 deponunt

214 3547 290 3607 vitae
312 3550 412 3609 decus.
455 3546 627 3608 Cetevumsi
646 3546 685 3607 sd
704 3545 853 3606 veritatem
867 3540 1094 3601 revocaverimus
1106 3540 1263 3618 rationem,
1288 3558 1373 3601 nemo

214 3650 287 3724 erit,
313 3651 439 3729 quinon
461 3652 588 3728 sentiat,
613 3654 720 3728 quanta
742 3666 807 3709 cum
827 3646 999 3708 dexteritate
1021 3644 1120 3703 ridens
1144 3640 1238 3701 Poeta
1255 3647 1373 3700 senten·

214 3750 317 3811 tiorum
338 3755 509 3830 gravitatem
528 3753 663 3833 paulatim
682 3750 802 3813 solverit
820 3750 852 3810 in
872 3751 977 3823 risum,
996 3744 1136 3826 qumod
1152 3763 1190 3806 ea
1206 3744 1374 3819 declinaret,

215 3870 291 3929 quae
309 3873 368 3914 non
391 3876 426 3918 ex
447 3854 684 3935 philosophorum
706 3874 783 3936 penu
803 3857 903 3913 essent
922 3850 1110 3929 deprompta,
1134 3848 1188 3907 sed
1208 3865 1245 3907 ex
1262 3846 1373 3906 Roma·

214 3973 315 4015 noram
343 3956 457 4034 schola,
486 3964 519 4019 nt
545 3960 588 4019 ita
613 3959 723 4036 dicam
747 3958 832 4017 ritae.
874 3954 915 4015 Et
940 3952 1011 4011 haec
1032 3952 1099 4029 ipsa
1117 3950 1256 4009 bonorum
1276 3955 1373 4011 exter·

215 4074 316 4117 norum
333 4059 491 4140 descriptio
511 4062 552 4120 ita
581 4065 744 4142 comparata
770 4063 835 4135 est,
864 4062 898 4117 nt
916 4054 1014 4114 sonu
1033 4052 1204 4112 altissimum
1229 4051 1321 4111 locum
1340 4053 1372 4111 in

214 4158 328 4219 homine
349 4165 379 4220 et
402 4164 522 4223 maxime
547 4163 733 4224 excellentem
754 4165 853 4222 teneat
878 4161 1029 4233 ceteraque
1049 4154 1126 4214 bona
1151 4159 1310 4233 appareant
1329 4156 1370 4213 ri-

213 4261 308 4321 denda
338 4268 426 4341 atque
452 4265 647 4343 despicienda.
691 4267 738 4327 cf.
771 4268 870 4325 annot.
899 4258 986 4319 adv.
1012 4258 1064 4320 28.
1095 4257 1148 4319 81.
1190 4258 1372 4315 Numicium

212 4369 324 4443 autem,
353 4368 399 4426 eui
423 4368 571 4447 inscnpsit
592 4367 666 4427 hanc
685 4362 846 4445 Epistolanr
874 4359 1046 4442 politissima
1068 4359 1200 4420 doctrina
1225 4360 1372 4435 refertam,

212 4486 271 4527 uon
291 4470 384 4549 magis
407 4470 536 4529 novimus
559 4488 642 4547 quam
667 4465 862 4536 Bullutr'rars,
888 4463 1080 4522 Numenium
1098 4462 1227 4539 aliosque
1245 4462 1373 4541 complu·

212 4587 271 4629 res.
315 4569 403 4631 Plura
433 4577 464 4630 et
495 4570 610 4631 notiora
634 4572 672 4633 de
700 4578 790 4649 gards
810 4566 959 4627 Nuon'cic
985 4566 1035 4642 qui
1064 4564 1139 4623 scire
1160 4566 1293 4645 cupiant,
1321 4584 1373 4625 eos

1001 4661 1043 4727 19
1064 4660 1140 4746 (2)*
