<?xml version="1.0" encoding="UTF-8"?>
<!DOCTYPE html PUBLIC "-//W3C//DTD XHTML 1.0 Transitional//EN"
    "http://www.w3.org/TR/xhtml1/DTD/xhtml1-transitional.dtd">
<html xmlns="http://www.w3.org/1999/xhtml" xml:lang="en" lang="en">
 <head>
  <title>
</title>
<meta http-equiv="Content-Type" content="text/html;charset=utf-8" />
  <meta name='ocr-system' content='tesseract 3.04.00' />
  <meta name='ocr-capabilities' content='ocr_page ocr_carea ocr_par ocr_line ocrx_word'/>
</head>
<body>
  <div class='ocr_page' id='page_1' title='image "./quintihoratiifl01schmgoog_0338.png"; bbox 0 0 3450 5334; ppageno 0'>
   <div class='ocr_carea' id='block_1_1' title="bbox 349 505 1507 581">
    <p class='ocr_par' dir='ltr' id='par_1_1' title="bbox 349 505 1507 581">
     <span class='ocr_line' id='line_1_1' title="bbox 349 505 1507 581; baseline 0.009 -12"><span class='ocrx_word' id='word_1_1' title='bbox 349 505 413 571; x_wconf 83' lang='grc'><strong>314</strong></span> <span class='ocrx_word' id='word_1_2' title='bbox 453 506 737 569; x_wconf 72' lang='lat' dir='ltr'><strong>commun</strong></span> <span class='ocrx_word' id='word_1_3' title='bbox 756 508 802 569; x_wconf 93' lang='lat' dir='ltr'><strong>IN</strong></span> <span class='ocrx_word' id='word_1_4' title='bbox 824 506 994 571; x_wconf 76' lang='lat' dir='ltr'><strong>nonam</strong></span> <span class='ocrx_word' id='word_1_5' title='bbox 1013 506 1089 569; x_wconf 87' lang='lat' dir='ltr'><strong>LIB.</strong></span> <span class='ocrx_word' id='word_1_6' title='bbox 1106 511 1130 570; x_wconf 94' lang='grc' dir='ltr'><strong>Ι.</strong></span> <span class='ocrx_word' id='word_1_7' title='bbox 1144 508 1268 571; x_wconf 88' lang='lat' dir='ltr'><strong>EPIST.</strong></span> <span class='ocrx_word' id='word_1_8' title='bbox 1284 510 1398 572; x_wconf 86' lang='lat' dir='ltr'><strong>SEXT.</strong></span> <span class='ocrx_word' id='word_1_9' title='bbox 1463 514 1507 581; x_wconf 85' lang='grc'><strong>42</strong></span> 
     </span>
    </p>
   </div>
   <div class='ocr_carea' id='block_1_2' title="bbox 345 688 1510 1599">
    <p class='ocr_par' dir='ltr' id='par_1_2' title="bbox 347 688 1510 981">
     <span class='ocr_line' id='line_1_2' title="bbox 347 688 1510 782; baseline -0.003 -23"><span class='ocrx_word' id='word_1_10' title='bbox 347 695 401 760; x_wconf 74' lang='lat' dir='ltr'><strong>ml</strong></span> <span class='ocrx_word' id='word_1_11' title='bbox 420 702 485 770; x_wconf 72' lang='grc' dir='ltr'><strong><em>τοῖς</em></strong></span> <span class='ocrx_word' id='word_1_12' title='bbox 505 699 673 778; x_wconf 73' lang='grc' dir='ltr'><strong><em>παριοῦσιν</em></strong></span> <span class='ocrx_word' id='word_1_13' title='bbox 694 688 860 775; x_wconf 78' lang='grc' dir='ltr'><strong><em>ύοκὲεοθαι</em></strong></span> <span class='ocrx_word' id='word_1_14' title='bbox 880 698 943 758; x_wconf 75' lang='grc' dir='ltr'><strong><em>τοῖν</em></strong></span> <span class='ocrx_word' id='word_1_15' title='bbox 967 692 1010 776; x_wconf 74' lang='grc' dir='ltr'><strong>μνη</strong></span> <span class='ocrx_word' id='word_1_16' title='bbox 1035 694 1224 777; x_wconf 68' lang='grc' dir='ltr'><strong><em>ζηλουμένων</em></strong></span> <span class='ocrx_word' id='word_1_17' title='bbox 1245 696 1298 760; x_wconf 75' lang='grc' dir='ltr'><strong>καὶ</strong></span> <span class='ocrx_word' id='word_1_18' title='bbox 1318 701 1510 782; x_wconf 77' lang='grc' dir='ltr'><strong><em>θαυμαζομέ.</em></strong></span> 
     </span>
     <span class='ocr_line' id='line_1_3' title="bbox 348 790 1510 880; baseline 0.002 -18"><span class='ocrx_word' id='word_1_19' title='bbox 348 823 413 863; x_wconf 83' lang='grc' dir='ltr'><strong>νων</strong></span> <span class='ocrx_word' id='word_1_20' title='bbox 433 792 537 880; x_wconf 79' lang='grc' dir='ltr'><strong><em>α’λλμην</em></strong></span> <span class='ocrx_word' id='word_1_21' title='bbox 558 790 683 877; x_wconf 78' lang='grc' dir='ltr'><strong><em>μνήμην</em></strong></span> <span class='ocrx_word' id='word_1_22' title='bbox 704 796 807 878; x_wconf 75' lang='grc' dir='ltr'><strong><em>ἔχοντα</em></strong></span> <span class='ocrx_word' id='word_1_23' title='bbox 829 807 886 858; x_wconf 84' lang='lat' dir='ltr'><strong>eto.</strong></span> <span class='ocrx_word' id='word_1_24' title='bbox 930 798 976 857; x_wconf 86' lang='lat' dir='ltr'><strong>Ad</strong></span> <span class='ocrx_word' id='word_1_25' title='bbox 1002 800 1173 859; x_wconf 80' lang='lat' dir='ltr'><strong>sententiam</strong></span> <span class='ocrx_word' id='word_1_26' title='bbox 1198 802 1268 860; x_wconf 82' lang='lat' dir='ltr'><strong>facit</strong></span> <span class='ocrx_word' id='word_1_27' title='bbox 1288 804 1373 863; x_wconf 87' lang='lat' dir='ltr'><strong>etiam</strong></span> <span class='ocrx_word' id='word_1_28' title='bbox 1397 806 1510 865; x_wconf 86' lang='lat' dir='ltr'><strong>Seneca</strong></span> 
     </span>
     <span class='ocr_line' id='line_1_4' title="bbox 349 902 1339 981; baseline 0.002 -21"><span class='ocrx_word' id='word_1_29' title='bbox 349 904 386 962; x_wconf 94' lang='lat' dir='ltr'><strong>de</strong></span> <span class='ocrx_word' id='word_1_30' title='bbox 408 902 518 979; x_wconf 89' lang='lat' dir='ltr'><strong>Tranq.</strong></span> <span class='ocrx_word' id='word_1_31' title='bbox 540 903 571 962; x_wconf 86' lang='lat'><strong>7.</strong></span> <span class='ocrx_word' id='word_1_32' title='bbox 616 904 690 963; x_wconf 86' lang='lat' dir='ltr'><strong>Non</strong></span> <span class='ocrx_word' id='word_1_33' title='bbox 710 912 739 958; x_wconf 79' lang='lat' dir='ltr'><strong>te</strong></span> <span class='ocrx_word' id='word_1_34' title='bbox 754 902 865 980; x_wconf 66' lang='lat' dir='ltr'><strong>pendet,</strong></span> <span class='ocrx_word' id='word_1_35' title='bbox 887 904 1023 981; x_wconf 68' lang='lat' dir='ltr'><strong>quiaquia</strong></span> <span class='ocrx_word' id='word_1_36' title='bbox 1041 902 1155 960; x_wconf 65' lang='lat' dir='ltr'><strong>demis</strong></span> <span class='ocrx_word' id='word_1_37' title='bbox 1175 902 1339 981; x_wconf 65' lang='grc' dir='ltr'><strong>ιιοίοιιηαοο.7</strong></span> 
     </span>
    </p>

    <p class='ocr_par' dir='ltr' id='par_1_3' title="bbox 345 1000 1509 1599">
     <span class='ocr_line' id='line_1_5' title="bbox 432 1000 1507 1086; baseline 0.007 -25"><span class='ocrx_word' id='word_1_38' title='bbox 432 1002 468 1061; x_wconf 87' lang='lat' dir='ltr'><strong>V.</strong></span> <span class='ocrx_word' id='word_1_39' title='bbox 488 1000 531 1067; x_wconf 82' lang='lat'><strong>24</strong></span> <span class='ocrx_word' id='word_1_40' title='bbox 555 1035 593 1047; x_wconf 88' lang='lat'>-</span> <span class='ocrx_word' id='word_1_41' title='bbox 616 1007 668 1068; x_wconf 90' lang='grc'><strong>27.</strong></span> <span class='ocrx_word' id='word_1_42' title='bbox 722 1005 877 1086; x_wconf 77' lang='lat' dir='ltr'><strong>Qrcioquid</strong></span> <span class='ocrx_word' id='word_1_43' title='bbox 896 1038 936 1049; x_wconf 91' lang='lat'><strong>·-</strong></span> <span class='ocrx_word' id='word_1_44' title='bbox 959 1005 1077 1065; x_wconf 77' lang='lat' dir='ltr'><strong>Annua.</strong></span> <span class='ocrx_word' id='word_1_45' title='bbox 1128 1006 1339 1067; x_wconf 73' lang='lat' dir='ltr'><strong>Sententiarum</strong></span> <span class='ocrx_word' id='word_1_46' title='bbox 1369 1009 1507 1085; x_wconf 83' lang='lat' dir='ltr'>ordinem,</span> 
     </span>
     <span class='ocr_line' id='line_1_6' title="bbox 347 1107 1507 1188; baseline 0.003 -23"><span class='ocrx_word' id='word_1_47' title='bbox 347 1107 384 1165; x_wconf 89' lang='lat' dir='ltr'><strong>de</strong></span> <span class='ocrx_word' id='word_1_48' title='bbox 412 1124 472 1183; x_wconf 90' lang='lat' dir='ltr'><strong>qno</strong></span> <span class='ocrx_word' id='word_1_49' title='bbox 499 1111 652 1185; x_wconf 74' lang='lat' dir='ltr'><strong>tantopere</strong></span> <span class='ocrx_word' id='word_1_50' title='bbox 680 1108 829 1185; x_wconf 81' lang='lat' dir='ltr'><strong>ambigunt</strong></span> <span class='ocrx_word' id='word_1_51' title='bbox 858 1110 1047 1188; x_wconf 83' lang='lat' dir='ltr'><strong>interpretes,</strong></span> <span class='ocrx_word' id='word_1_52' title='bbox 1086 1108 1221 1185; x_wconf 85' lang='lat' dir='ltr'><strong>equidem</strong></span> <span class='ocrx_word' id='word_1_53' title='bbox 1250 1118 1347 1170; x_wconf 83' lang='lat' dir='ltr'><strong>statuo</strong></span> <span class='ocrx_word' id='word_1_54' title='bbox 1382 1110 1507 1170; x_wconf 84' lang='lat' dir='ltr'><strong>huncce:</strong></span> 
     </span>
     <span class='ocr_line' id='line_1_7' title="bbox 346 1207 1509 1287; baseline 0.006 -23"><span class='ocrx_word' id='word_1_55' title='bbox 346 1207 449 1285; x_wconf 85' lang='lat' dir='ltr'>„Quid</span> <span class='ocrx_word' id='word_1_56' title='bbox 469 1207 577 1265; x_wconf 79' lang='lat' dir='ltr'><strong>moliris</strong></span> <span class='ocrx_word' id='word_1_57' title='bbox 598 1209 698 1269; x_wconf 73' lang='lat' dir='ltr'><strong>nutat</strong></span> <span class='ocrx_word' id='word_1_58' title='bbox 723 1213 856 1271; x_wconf 80' lang='lat' dir='ltr'><strong>fortunae</strong></span> <span class='ocrx_word' id='word_1_59' title='bbox 878 1213 953 1268; x_wconf 90' lang='lat' dir='ltr'><strong>enim</strong></span> <span class='ocrx_word' id='word_1_60' title='bbox 974 1210 1113 1270; x_wconf 89' lang='lat' dir='ltr'><strong>bonorum</strong></span> <span class='ocrx_word' id='word_1_61' title='bbox 1134 1218 1167 1269; x_wconf 88' lang='lat' dir='ltr'><strong>ut</strong></span> <span class='ocrx_word' id='word_1_62' title='bbox 1185 1212 1311 1287; x_wconf 88' lang='lat' dir='ltr'><strong>initium,</strong></span> <span class='ocrx_word' id='word_1_63' title='bbox 1331 1212 1372 1271; x_wconf 82' lang='lat' dir='ltr'><strong>aie</strong></span> <span class='ocrx_word' id='word_1_64' title='bbox 1391 1212 1456 1269; x_wconf 85' lang='lat' dir='ltr'><strong>finis</strong></span> <span class='ocrx_word' id='word_1_65' title='bbox 1477 1216 1509 1271; x_wconf 93' lang='lat' dir='ltr'><strong>et</strong></span> 
     </span>
     <span class='ocr_line' id='line_1_8' title="bbox 345 1310 1509 1391; baseline 0.002 -22"><span class='ocrx_word' id='word_1_66' title='bbox 345 1310 409 1387; x_wconf 88' lang='lat' dir='ltr'><strong>tibi,</strong></span> <span class='ocrx_word' id='word_1_67' title='bbox 430 1328 517 1387; x_wconf 89' lang='lat' dir='ltr'><strong>quam</strong></span> <span class='ocrx_word' id='word_1_68' title='bbox 537 1312 577 1368; x_wconf 75' lang='lat' dir='ltr'><strong>sis</strong></span> <span class='ocrx_word' id='word_1_69' title='bbox 598 1313 766 1391; x_wconf 78' lang='lat' dir='ltr'><strong>compienne</strong></span> <span class='ocrx_word' id='word_1_70' title='bbox 782 1314 827 1371; x_wconf 86' lang='lat' dir='ltr'><strong>vel</strong></span> <span class='ocrx_word' id='word_1_71' title='bbox 847 1316 1017 1374; x_wconf 83' lang='lat' dir='ltr'><strong>auctoritate</strong></span> <span class='ocrx_word' id='word_1_72' title='bbox 1032 1313 1077 1373; x_wconf 90' lang='lat' dir='ltr'><strong>vel</strong></span> <span class='ocrx_word' id='word_1_73' title='bbox 1097 1314 1210 1391; x_wconf 75' lang='lat' dir='ltr'><strong>divitia,</strong></span> <span class='ocrx_word' id='word_1_74' title='bbox 1232 1314 1410 1374; x_wconf 88' lang='lat' dir='ltr'><strong>moriendum</strong></span> <span class='ocrx_word' id='word_1_75' title='bbox 1427 1312 1509 1371; x_wconf 79' lang='lat' dir='ltr'><strong>eet.“</strong></span> 
     </span>
     <span class='ocr_line' id='line_1_9' title="bbox 346 1412 1506 1495; baseline 0.008 -24"><span class='ocrx_word' id='word_1_76' title='bbox 346 1412 474 1473; x_wconf 79' lang='lat' dir='ltr'><strong>Similem</strong></span> <span class='ocrx_word' id='word_1_77' title='bbox 492 1414 664 1473; x_wconf 84' lang='lat' dir='ltr'><strong>sententiam</strong></span> <span class='ocrx_word' id='word_1_78' title='bbox 676 1414 748 1474; x_wconf 89' lang='lat' dir='ltr'><strong>Hor.</strong></span> <span class='ocrx_word' id='word_1_79' title='bbox 770 1419 953 1495; x_wconf 78' lang='lat' dir='ltr'><strong>persequitur</strong></span> <span class='ocrx_word' id='word_1_80' title='bbox 975 1420 1004 1476; x_wconf 94' lang='lat' dir='ltr'><strong>in</strong></span> <span class='ocrx_word' id='word_1_81' title='bbox 1023 1418 1118 1494; x_wconf 83' lang='lat' dir='ltr'><strong>lyricis</strong></span> <span class='ocrx_word' id='word_1_82' title='bbox 1132 1416 1191 1475; x_wconf 93' lang='lat' dir='ltr'><strong>0d.</strong></span> <span class='ocrx_word' id='word_1_83' title='bbox 1207 1420 1238 1493; x_wconf 83' lang='lat'><strong>2,</strong></span> <span class='ocrx_word' id='word_1_84' title='bbox 1263 1418 1314 1493; x_wconf 90' lang='grc'><strong>18,</strong></span> <span class='ocrx_word' id='word_1_85' title='bbox 1334 1418 1375 1478; x_wconf 90' lang='grc'><strong>16</strong></span> <span class='ocrx_word' id='word_1_86' title='bbox 1388 1448 1427 1459; x_wconf 89' lang='grc'>-</span> <span class='ocrx_word' id='word_1_87' title='bbox 1439 1418 1506 1493; x_wconf 82' lang='grc'><strong>32,</strong></span> 
     </span>
     <span class='ocr_line' id='line_1_10' title="bbox 346 1516 1507 1599; baseline -0.001 -24"><span class='ocrx_word' id='word_1_88' title='bbox 346 1517 490 1575; x_wconf 79' lang='lat' dir='ltr'><strong>consentit</strong></span> <span class='ocrx_word' id='word_1_89' title='bbox 516 1518 547 1575; x_wconf 91' lang='lat' dir='ltr'><strong>in</strong></span> <span class='ocrx_word' id='word_1_90' title='bbox 575 1516 677 1575; x_wconf 89' lang='lat' dir='ltr'><strong>eadem</strong></span> <span class='ocrx_word' id='word_1_91' title='bbox 697 1519 758 1577; x_wconf 82' lang='lat' dir='ltr'><strong>fere</strong></span> <span class='ocrx_word' id='word_1_92' title='bbox 778 1537 810 1578; x_wconf 88' lang='lat' dir='ltr'><strong>re</strong></span> <span class='ocrx_word' id='word_1_93' title='bbox 831 1520 944 1578; x_wconf 83' lang='lat' dir='ltr'><strong>Seneca</strong></span> <span class='ocrx_word' id='word_1_94' title='bbox 963 1520 992 1577; x_wconf 91' lang='lat' dir='ltr'><strong>in</strong></span> <span class='ocrx_word' id='word_1_95' title='bbox 1009 1520 1103 1599; x_wconf 70' lang='lat' dir='ltr'><strong>Epist.</strong></span> <span class='ocrx_word' id='word_1_96' title='bbox 1128 1518 1216 1583; x_wconf 89' lang='lat'><strong>110.:</strong></span> <span class='ocrx_word' id='word_1_97' title='bbox 1256 1518 1340 1597; x_wconf 82' lang='lat' dir='ltr'><strong>Quid</strong></span> <span class='ocrx_word' id='word_1_98' title='bbox 1359 1518 1507 1577; x_wconf 74' lang='lat' dir='ltr'><strong>mr&#39;rarie?</strong></span> 
     </span>
    </p>
   </div>
   <div class='ocr_carea' id='block_1_3' title="bbox 344 1613 1505 2116">
    <p class='ocr_par' dir='ltr' id='par_1_4' title="bbox 344 1613 1505 2116">
     <span class='ocr_line' id='line_1_11' title="bbox 347 1613 1505 1699; baseline 0.003 -24"><span class='ocrx_word' id='word_1_99' title='bbox 347 1617 425 1697; x_wconf 81' lang='lat' dir='ltr'><strong>quid</strong></span> <span class='ocrx_word' id='word_1_100' title='bbox 443 1613 567 1695; x_wconf 74' lang='lat' dir='ltr'><strong>emper?</strong></span> <span class='ocrx_word' id='word_1_101' title='bbox 589 1621 709 1697; x_wconf 85' lang='lat' dir='ltr'><strong>Pompa</strong></span> <span class='ocrx_word' id='word_1_102' title='bbox 729 1631 783 1679; x_wconf 82' lang='lat' dir='ltr'><strong>eet.</strong></span> <span class='ocrx_word' id='word_1_103' title='bbox 832 1621 1039 1679; x_wconf 79' lang='lat' dir='ltr'><strong>Ostenduntur</strong></span> <span class='ocrx_word' id='word_1_104' title='bbox 1059 1626 1133 1680; x_wconf 69' lang='lat' dir='ltr'><strong>retae</strong></span> <span class='ocrx_word' id='word_1_105' title='bbox 1152 1643 1212 1693; x_wconf 82' lang='lat' dir='ltr'><strong>rea,</strong></span> <span class='ocrx_word' id='word_1_106' title='bbox 1233 1642 1294 1679; x_wconf 83' lang='lat' dir='ltr'><strong>non</strong></span> <span class='ocrx_word' id='word_1_107' title='bbox 1311 1621 1505 1699; x_wconf 72' lang='lat' dir='ltr'><strong>poeniteatur</strong></span> 
     </span>
     <span class='ocr_line' id='line_1_12' title="bbox 346 1720 1504 1801; baseline 0.004 -24"><span class='ocrx_word' id='word_1_108' title='bbox 346 1732 385 1797; x_wconf 76' lang='lat' dir='ltr'><strong>et,</strong></span> <span class='ocrx_word' id='word_1_109' title='bbox 402 1721 475 1778; x_wconf 84' lang='lat' dir='ltr'><strong>dum</strong></span> <span class='ocrx_word' id='word_1_110' title='bbox 491 1720 627 1798; x_wconf 77' lang='lat' dir='ltr'><strong>placent,</strong></span> <span class='ocrx_word' id='word_1_111' title='bbox 648 1732 814 1782; x_wconf 72' lang='grc' dir='ltr'><strong>ίναιοιοιοηί.</strong></span> <span class='ocrx_word' id='word_1_112' title='bbox 845 1724 892 1781; x_wconf 82' lang='lat' dir='ltr'><strong>cf.</strong></span> <span class='ocrx_word' id='word_1_113' title='bbox 909 1725 949 1782; x_wconf 91' lang='lat' dir='ltr'><strong>id.</strong></span> <span class='ocrx_word' id='word_1_114' title='bbox 970 1726 999 1783; x_wconf 93' lang='lat' dir='ltr'><strong>in</strong></span> <span class='ocrx_word' id='word_1_115' title='bbox 1021 1725 1170 1785; x_wconf 87' lang='lat' dir='ltr'><strong>Consolat.</strong></span> <span class='ocrx_word' id='word_1_116' title='bbox 1192 1725 1230 1783; x_wconf 86' lang='lat' dir='ltr'><strong>ad</strong></span> <span class='ocrx_word' id='word_1_117' title='bbox 1248 1723 1349 1801; x_wconf 85' lang='lat' dir='ltr'><strong>Polyb.</strong></span> <span class='ocrx_word' id='word_1_118' title='bbox 1373 1725 1425 1789; x_wconf 82' lang='grc'><strong>28.</strong></span> <span class='ocrx_word' id='word_1_119' title='bbox 1457 1722 1504 1782; x_wconf 92' lang='lat' dir='ltr'><strong>Ad</strong></span> 
     </span>
     <span class='ocr_line' id='line_1_13' title="bbox 344 1822 1505 1908; baseline 0.004 -29"><span class='ocrx_word' id='word_1_120' title='bbox 344 1822 375 1880; x_wconf 93' lang='lat' dir='ltr'><strong>id</strong></span> <span class='ocrx_word' id='word_1_121' title='bbox 395 1830 490 1881; x_wconf 88' lang='lat' dir='ltr'><strong>autem</strong></span> <span class='ocrx_word' id='word_1_122' title='bbox 510 1822 690 1900; x_wconf 89' lang='lat' dir='ltr'><strong>probandum</strong></span> <span class='ocrx_word' id='word_1_123' title='bbox 711 1823 804 1885; x_wconf 87' lang='lat' dir='ltr'><strong>Poeta</strong></span> <span class='ocrx_word' id='word_1_124' title='bbox 823 1827 853 1885; x_wconf 89' lang='lat' dir='ltr'><strong>in</strong></span> <span class='ocrx_word' id='word_1_125' title='bbox 875 1826 986 1885; x_wconf 84' lang='lat' dir='ltr'><strong>verbis:</strong></span> <span class='ocrx_word' id='word_1_126' title='bbox 1017 1826 1172 1908; x_wconf 76' lang='lat' dir='ltr'><strong>Quicquid</strong></span> <span class='ocrx_word' id='word_1_127' title='bbox 1190 1864 1234 1875; x_wconf 93' lang='lat'>-</span> <span class='ocrx_word' id='word_1_128' title='bbox 1252 1830 1394 1898; x_wconf 70' lang='lat' dir='ltr'><strong>nitantur,</strong></span> <span class='ocrx_word' id='word_1_129' title='bbox 1415 1829 1505 1886; x_wconf 87' lang='lat' dir='ltr'><strong>utitur</strong></span> 
     </span>
     <span class='ocr_line' id='line_1_14' title="bbox 345 1924 1502 2008; baseline 0.003 -26"><span class='ocrx_word' id='word_1_130' title='bbox 345 1924 410 1983; x_wconf 86' lang='lat' dir='ltr'><strong>loco</strong></span> <span class='ocrx_word' id='word_1_131' title='bbox 431 1926 556 2002; x_wconf 85' lang='lat' dir='ltr'><strong>quodam</strong></span> <span class='ocrx_word' id='word_1_132' title='bbox 578 1929 719 1986; x_wconf 86' lang='lat' dir='ltr'><strong>communi</strong></span> <span class='ocrx_word' id='word_1_133' title='bbox 741 1934 771 1987; x_wconf 91' lang='lat' dir='ltr'><strong>et</strong></span> <span class='ocrx_word' id='word_1_134' title='bbox 790 1946 808 1985; x_wconf 89' lang='lat' dir='ltr'><strong>a</strong></span> <span class='ocrx_word' id='word_1_135' title='bbox 829 1932 924 2008; x_wconf 81' lang='lat' dir='ltr'><strong>poetis</strong></span> <span class='ocrx_word' id='word_1_136' title='bbox 950 1932 1069 1989; x_wconf 80' lang='lat' dir='ltr'><strong>Graecis</strong></span> <span class='ocrx_word' id='word_1_137' title='bbox 1089 1933 1168 1990; x_wconf 83' lang='lat' dir='ltr'><strong>varie</strong></span> <span class='ocrx_word' id='word_1_138' title='bbox 1188 1932 1381 2008; x_wconf 82' lang='lat' dir='ltr'><strong>frequentato.</strong></span> <span class='ocrx_word' id='word_1_139' title='bbox 1422 1928 1502 1987; x_wconf 88' lang='lat' dir='ltr'><strong>Lau-</strong></span> 
     </span>
     <span class='ocr_line' id='line_1_15' title="bbox 344 2026 1504 2116; baseline 0.006 -30"><span class='ocrx_word' id='word_1_140' title='bbox 344 2029 396 2087; x_wconf 88' lang='lat' dir='ltr'><strong>dat</strong></span> <span class='ocrx_word' id='word_1_141' title='bbox 422 2029 574 2107; x_wconf 72' lang='lat' dir='ltr'><strong>Cruquim</strong></span> <span class='ocrx_word' id='word_1_142' title='bbox 598 2030 668 2088; x_wconf 91' lang='lat' dir='ltr'><strong>illud</strong></span> <span class='ocrx_word' id='word_1_143' title='bbox 688 2032 888 2110; x_wconf 79' lang='lat' dir='ltr'><strong>Xenophanie:</strong></span> <span class='ocrx_word' id='word_1_144' title='bbox 924 2026 975 2094; x_wconf 81' lang='grc' dir='ltr'><strong>Ἐκ</strong></span> <span class='ocrx_word' id='word_1_145' title='bbox 995 2043 1053 2116; x_wconf 73' lang='grc' dir='ltr'><strong>γῆς</strong></span> <span class='ocrx_word' id='word_1_146' title='bbox 1073 2030 1130 2114; x_wconf 80' lang='grc' dir='ltr'><strong>γύρ</strong></span> <span class='ocrx_word' id='word_1_147' title='bbox 1152 2030 1225 2095; x_wconf 75' lang='grc' dir='ltr'><strong>τάδε</strong></span> <span class='ocrx_word' id='word_1_148' title='bbox 1245 2028 1363 2104; x_wconf 73' lang='grc' dir='ltr'><strong><em>πάντα,</em></strong></span> <span class='ocrx_word' id='word_1_149' title='bbox 1399 2030 1450 2093; x_wconf 79' lang='grc' dir='ltr'><strong>καλ</strong></span> <span class='ocrx_word' id='word_1_150' title='bbox 1470 2031 1504 2105; x_wconf 76' lang='grc' dir='ltr'><strong>ἐς</strong></span> 
     </span>
    </p>
   </div>
   <div class='ocr_carea' id='block_1_4' title="bbox 240 2127 1529 4671">
    <p class='ocr_par' dir='ltr' id='par_1_5' title="bbox 240 2127 1529 4671">
     <span class='ocr_line' id='line_1_16' title="bbox 343 2127 1501 2217; baseline 0 -24"><span class='ocrx_word' id='word_1_151' title='bbox 343 2134 403 2213; x_wconf 72' lang='grc' dir='ltr'><strong>γῆν</strong></span> <span class='ocrx_word' id='word_1_152' title='bbox 423 2127 523 2193; x_wconf 86' lang='grc' dir='ltr'><strong><em>ττύντα</em></strong></span> <span class='ocrx_word' id='word_1_153' title='bbox 542 2136 672 2217; x_wconf 74' lang='grc' dir='ltr'><strong>τελευτᾷ,</strong></span> <span class='ocrx_word' id='word_1_154' title='bbox 692 2134 809 2194; x_wconf 87' lang='lat' dir='ltr'><strong>laudant</strong></span> <span class='ocrx_word' id='word_1_155' title='bbox 830 2138 973 2195; x_wconf 82' lang='lat' dir='ltr'><strong>Muretua</strong></span> <span class='ocrx_word' id='word_1_156' title='bbox 994 2146 1025 2197; x_wconf 87' lang='lat' dir='ltr'><strong>et</strong></span> <span class='ocrx_word' id='word_1_157' title='bbox 1040 2134 1211 2193; x_wconf 71' lang='lat' dir='ltr'><strong>Lambinus</strong></span> <span class='ocrx_word' id='word_1_158' title='bbox 1226 2135 1316 2213; x_wconf 90' lang='lat' dir='ltr'><strong>Soph.</strong></span> <span class='ocrx_word' id='word_1_159' title='bbox 1331 2133 1409 2213; x_wconf 86' lang='lat' dir='ltr'><strong>Ajac.</strong></span> <span class='ocrx_word' id='word_1_160' title='bbox 1427 2133 1501 2196; x_wconf 78' lang='lat'><strong>646.</strong></span> 
     </span>
     <span class='ocr_line' id='line_1_17' title="bbox 334 2227 1503 2319; baseline -0.002 -20"><span class='ocrx_word' id='word_1_161' title='bbox 334 2227 473 2299; x_wconf 62' lang='lat' dir='ltr'><strong>&#39;Arroni&#39;</strong></span> <span class='ocrx_word' id='word_1_162' title='bbox 494 2232 513 2297; x_wconf 93' lang='lat' dir='ltr'><strong>o‘</strong></span> <span class='ocrx_word' id='word_1_163' title='bbox 533 2232 648 2316; x_wconf 74' lang='grc' dir='ltr'><strong><em>μακρός</em></strong></span> <span class='ocrx_word' id='word_1_164' title='bbox 664 2230 893 2317; x_wconf 75' lang='grc' dir='ltr'><strong><em>κύναρλθμητος</em></strong></span> <span class='ocrx_word' id='word_1_165' title='bbox 913 2232 1021 2319; x_wconf 77' lang='grc' dir='ltr'><strong><em>χρόνος</em></strong></span> <span class='ocrx_word' id='word_1_166' title='bbox 1039 2231 1118 2301; x_wconf 86' lang='grc' dir='ltr'><strong><em>Φύει</em></strong></span> <span class='ocrx_word' id='word_1_167' title='bbox 1137 2232 1161 2299; x_wconf 85' lang='grc' dir='ltr'><strong>τ’</strong></span> <span class='ocrx_word' id='word_1_168' title='bbox 1183 2234 1280 2315; x_wconf 71' lang='grc' dir='ltr'><strong><em>ἄδηλα</em></strong></span> <span class='ocrx_word' id='word_1_169' title='bbox 1299 2236 1350 2299; x_wconf 84' lang='grc' dir='ltr'><strong>καλ</strong></span> <span class='ocrx_word' id='word_1_170' title='bbox 1366 2235 1503 2315; x_wconf 77' lang='grc' dir='ltr'><strong><em>φανέντα</em></strong></span> 
     </span>
     <span class='ocr_line' id='line_1_18' title="bbox 344 2332 1499 2420; baseline 0 -23"><span class='ocrx_word' id='word_1_171' title='bbox 344 2332 507 2415; x_wconf 73' lang='grc' dir='ltr'><strong><em>κρύπτεται</em></strong></span> <span class='ocrx_word' id='word_1_172' title='bbox 526 2337 641 2416; x_wconf 83' lang='lat' dir='ltr'><strong>(eadem</strong></span> <span class='ocrx_word' id='word_1_173' title='bbox 662 2341 804 2398; x_wconf 82' lang='lat' dir='ltr'><strong>sententia</strong></span> <span class='ocrx_word' id='word_1_174' title='bbox 824 2342 931 2419; x_wconf 88' lang='lat' dir='ltr'><strong>legitur</strong></span> <span class='ocrx_word' id='word_1_175' title='bbox 951 2360 998 2420; x_wconf 86' lang='lat' dir='ltr'><strong>ap.</strong></span> <span class='ocrx_word' id='word_1_176' title='bbox 1020 2340 1103 2399; x_wconf 87' lang='lat' dir='ltr'><strong>Stob.</strong></span> <span class='ocrx_word' id='word_1_177' title='bbox 1123 2343 1152 2399; x_wconf 92' lang='lat' dir='ltr'><strong>in</strong></span> <span class='ocrx_word' id='word_1_178' title='bbox 1172 2341 1236 2399; x_wconf 88' lang='lat' dir='ltr'><strong>Eol.</strong></span> <span class='ocrx_word' id='word_1_179' title='bbox 1261 2343 1296 2417; x_wconf 90' lang='lat'><strong>1,</strong></span> <span class='ocrx_word' id='word_1_180' title='bbox 1326 2342 1364 2415; x_wconf 83' lang='lat'><strong>7,</strong></span> <span class='ocrx_word' id='word_1_181' title='bbox 1395 2340 1446 2405; x_wconf 87' lang='lat'><strong>23.</strong></span> <span class='ocrx_word' id='word_1_182' title='bbox 1469 2360 1499 2417; x_wconf 88' lang='lat' dir='ltr'><strong>p.</strong></span> 
     </span>
     <span class='ocr_line' id='line_1_19' title="bbox 345 2436 1500 2519; baseline 0 -18"><span class='ocrx_word' id='word_1_183' title='bbox 345 2438 417 2504; x_wconf 85' lang='lat'><strong>234.</strong></span> <span class='ocrx_word' id='word_1_184' title='bbox 436 2440 551 2518; x_wconf 88' lang='lat' dir='ltr'><strong>Heer.)‚</strong></span> <span class='ocrx_word' id='word_1_185' title='bbox 573 2440 652 2499; x_wconf 83' lang='lat' dir='ltr'><strong>addit</strong></span> <span class='ocrx_word' id='word_1_186' title='bbox 676 2441 807 2499; x_wconf 85' lang='lat' dir='ltr'><strong>Orelliua</strong></span> <span class='ocrx_word' id='word_1_187' title='bbox 827 2442 870 2501; x_wconf 85' lang='grc' dir='ltr'><strong>Μ.</strong></span> <span class='ocrx_word' id='word_1_188' title='bbox 892 2442 1028 2501; x_wconf 79' lang='lat' dir='ltr'><strong>Antonin.</strong></span> <span class='ocrx_word' id='word_1_189' title='bbox 1052 2443 1090 2519; x_wconf 84' lang='lat'><strong>9,</strong></span> <span class='ocrx_word' id='word_1_190' title='bbox 1113 2444 1165 2507; x_wconf 85' lang='lat'><strong>28.</strong></span> <span class='ocrx_word' id='word_1_191' title='bbox 1187 2437 1282 2503; x_wconf 83' lang='grc' dir='ltr'><strong><em>ταύτύ</em></strong></span> <span class='ocrx_word' id='word_1_192' title='bbox 1303 2441 1365 2503; x_wconf 82' lang='grc' dir='ltr'><strong><em>ἐστι</em></strong></span> <span class='ocrx_word' id='word_1_193' title='bbox 1387 2436 1425 2501; x_wconf 77' lang='lat' dir='ltr'><strong>roi</strong></span> <span class='ocrx_word' id='word_1_194' title='bbox 1444 2444 1500 2501; x_wconf 80' lang='grc' dir='ltr'><strong>τοῦ</strong></span> 
     </span>
     <span class='ocr_line' id='line_1_20' title="bbox 342 2536 1501 2623; baseline 0.001 -21"><span class='ocrx_word' id='word_1_195' title='bbox 342 2536 460 2620; x_wconf 76' lang='grc' dir='ltr'><strong><em>κύαμον</em></strong></span> <span class='ocrx_word' id='word_1_196' title='bbox 479 2538 631 2623; x_wconf 77' lang='grc' dir='ltr'><strong><em>ἐγκύκλια,</em></strong></span> <span class='ocrx_word' id='word_1_197' title='bbox 652 2538 718 2603; x_wconf 72' lang='grc' dir='ltr'><strong>ἄνω</strong></span> <span class='ocrx_word' id='word_1_198' title='bbox 738 2537 830 2618; x_wconf 79' lang='grc' dir='ltr'><strong><em>τούτω,</em></strong></span> <span class='ocrx_word' id='word_1_199' title='bbox 850 2542 882 2620; x_wconf 77' lang='grc' dir='ltr'><strong>ἐξ</strong></span> <span class='ocrx_word' id='word_1_200' title='bbox 902 2544 1015 2617; x_wconf 76' lang='grc' dir='ltr'><strong><em>αἶοῑνος</em></strong></span> <span class='ocrx_word' id='word_1_201' title='bbox 1035 2546 1078 2619; x_wconf 77' lang='grc' dir='ltr'><strong>εἰς</strong></span> <span class='ocrx_word' id='word_1_202' title='bbox 1094 2545 1201 2607; x_wconf 72' lang='grc' dir='ltr'><strong>αἰοῖνα.</strong></span> <span class='ocrx_word' id='word_1_203' title='bbox 1215 2576 1259 2591; x_wconf 93' lang='lat'><em>-</em></span> <span class='ocrx_word' id='word_1_204' title='bbox 1271 2574 1315 2589; x_wconf 91' lang='lat'>-</span> <span class='ocrx_word' id='word_1_205' title='bbox 1327 2538 1501 2621; x_wconf 81' lang='grc' dir='ltr'><strong><em>Ἠδηπύν-</em></strong></span> 
     </span>
     <span class='ocr_line' id='line_1_21' title="bbox 341 2640 1529 2727; baseline 0.003 -24"><span class='ocrx_word' id='word_1_206' title='bbox 341 2666 395 2716; x_wconf 83' lang='grc' dir='ltr'><strong>τας</strong></span> <span class='ocrx_word' id='word_1_207' title='bbox 418 2640 501 2722; x_wconf 76' lang='grc' dir='ltr'><strong>ἡμᾶς</strong></span> <span class='ocrx_word' id='word_1_208' title='bbox 520 2648 561 2725; x_wconf 78' lang='grc' dir='ltr'><strong>γῆ</strong></span> <span class='ocrx_word' id='word_1_209' title='bbox 580 2642 730 2723; x_wconf 78' lang='grc' dir='ltr'><strong><em>καλύψει·</em></strong></span> <span class='ocrx_word' id='word_1_210' title='bbox 755 2645 856 2709; x_wconf 80' lang='grc' dir='ltr'><strong><em>ἔπειτα</em></strong></span> <span class='ocrx_word' id='word_1_211' title='bbox 877 2645 929 2707; x_wconf 80' lang='grc' dir='ltr'><strong>καλ</strong></span> <span class='ocrx_word' id='word_1_212' title='bbox 951 2640 1030 2725; x_wconf 73' lang='grc' dir='ltr'><strong><em>αὕτη</em></strong></span> <span class='ocrx_word' id='word_1_213' title='bbox 1050 2648 1215 2727; x_wconf 82' lang='grc' dir='ltr'><strong><em>μεταβαλεῖ.</em></strong></span> <span class='ocrx_word' id='word_1_214' title='bbox 1258 2646 1366 2705; x_wconf 83' lang='lat' dir='ltr'><strong>Similia</strong></span> <span class='ocrx_word' id='word_1_215' title='bbox 1383 2646 1500 2723; x_wconf 82' lang='lat' dir='ltr'><strong>collegit</strong></span> <span class='ocrx_word' id='word_1_216' title='bbox 1526 2664 1529 2671; x_wconf 79' lang='grc'><em>’</em></span> 
     </span>
     <span class='ocr_line' id='line_1_22' title="bbox 346 2745 1499 2827; baseline 0.004 -25"><span class='ocrx_word' id='word_1_217' title='bbox 346 2745 464 2804; x_wconf 70' lang='lat' dir='ltr'><strong>Certiae</strong></span> <span class='ocrx_word' id='word_1_218' title='bbox 487 2748 525 2805; x_wconf 90' lang='lat' dir='ltr'><strong>ad</strong></span> <span class='ocrx_word' id='word_1_219' title='bbox 545 2748 615 2807; x_wconf 89' lang='lat' dir='ltr'><strong>Sall.</strong></span> <span class='ocrx_word' id='word_1_220' title='bbox 637 2750 704 2809; x_wconf 88' lang='lat' dir='ltr'><strong>Cat.</strong></span> <span class='ocrx_word' id='word_1_221' title='bbox 730 2754 766 2827; x_wconf 86' lang='lat'><strong>1,</strong></span> <span class='ocrx_word' id='word_1_222' title='bbox 799 2746 830 2810; x_wconf 82' lang='grc'><strong>4.</strong></span> <span class='ocrx_word' id='word_1_223' title='bbox 852 2758 882 2810; x_wconf 86' lang='lat' dir='ltr'><strong>et</strong></span> <span class='ocrx_word' id='word_1_224' title='bbox 901 2750 938 2807; x_wconf 87' lang='lat' dir='ltr'><strong>ad</strong></span> <span class='ocrx_word' id='word_1_225' title='bbox 959 2749 1025 2827; x_wconf 85' lang='lat' dir='ltr'><strong>Jug.</strong></span> <span class='ocrx_word' id='word_1_226' title='bbox 1047 2754 1085 2826; x_wconf 89' lang='lat'><strong>2,</strong></span> <span class='ocrx_word' id='word_1_227' title='bbox 1121 2750 1153 2812; x_wconf 85' lang='lat'><strong>3.</strong></span> <span class='ocrx_word' id='word_1_228' title='bbox 1174 2752 1299 2826; x_wconf 89' lang='lat' dir='ltr'><strong>itemque</strong></span> <span class='ocrx_word' id='word_1_229' title='bbox 1325 2747 1499 2807; x_wconf 74' lang='lat' dir='ltr'><strong>Schmidiuo</strong></span> 
     </span>
     <span class='ocr_line' id='line_1_23' title="bbox 340 2849 1498 2930; baseline 0.004 -23"><span class='ocrx_word' id='word_1_230' title='bbox 340 2852 378 2907; x_wconf 85' lang='lat' dir='ltr'><strong>ad</strong></span> <span class='ocrx_word' id='word_1_231' title='bbox 399 2851 427 2908; x_wconf 82' lang='lat' dir='ltr'><strong>ln.</strong></span> <span class='ocrx_word' id='word_1_232' title='bbox 449 2849 469 2909; x_wconf 93' lang='lat' dir='ltr'><strong>l.</strong></span> <span class='ocrx_word' id='word_1_233' title='bbox 513 2850 559 2910; x_wconf 89' lang='lat' dir='ltr'><strong>De</strong></span> <span class='ocrx_word' id='word_1_234' title='bbox 578 2852 712 2930; x_wconf 81' lang='lat' dir='ltr'><strong>singulis,</strong></span> <span class='ocrx_word' id='word_1_235' title='bbox 749 2860 782 2911; x_wconf 90' lang='lat' dir='ltr'><strong>ut</strong></span> <span class='ocrx_word' id='word_1_236' title='bbox 808 2856 845 2912; x_wconf 93' lang='lat' dir='ltr'><strong>de</strong></span> <span class='ocrx_word' id='word_1_237' title='bbox 874 2852 995 2911; x_wconf 81' lang='lat' dir='ltr'><strong>formula</strong></span> <span class='ocrx_word' id='word_1_238' title='bbox 1022 2850 1180 2910; x_wconf 75' lang='lat' dir='ltr'><strong>subterra</strong></span> <span class='ocrx_word' id='word_1_239' title='bbox 1207 2852 1337 2911; x_wconf 85' lang='lat' dir='ltr'><strong>dixerunt</strong></span> <span class='ocrx_word' id='word_1_240' title='bbox 1357 2850 1443 2909; x_wconf 90' lang='lat' dir='ltr'><strong>Torr.</strong></span> <span class='ocrx_word' id='word_1_241' title='bbox 1466 2860 1498 2912; x_wconf 86' lang='lat' dir='ltr'><strong>et</strong></span> 
     </span>
     <span class='ocr_line' id='line_1_24' title="bbox 340 2953 1495 3033; baseline 0.003 -23"><span class='ocrx_word' id='word_1_242' title='bbox 340 2953 484 3030; x_wconf 84' lang='lat' dir='ltr'><strong>Gesner.‚</strong></span> <span class='ocrx_word' id='word_1_243' title='bbox 520 2956 557 3013; x_wconf 89' lang='lat' dir='ltr'><strong>de</strong></span> <span class='ocrx_word' id='word_1_244' title='bbox 577 2976 640 3015; x_wconf 80' lang='lat' dir='ltr'><strong>voe.</strong></span> <span class='ocrx_word' id='word_1_245' title='bbox 662 2956 816 3033; x_wconf 83' lang='lat' dir='ltr'><strong>proferet,</strong></span> <span class='ocrx_word' id='word_1_246' title='bbox 850 2954 960 3030; x_wconf 90' lang='lat' dir='ltr'><strong>inquo</strong></span> <span class='ocrx_word' id='word_1_247' title='bbox 988 2955 1064 3015; x_wconf 87' lang='lat' dir='ltr'><strong>inest</strong></span> <span class='ocrx_word' id='word_1_248' title='bbox 1084 2956 1224 3032; x_wconf 86' lang='lat' dir='ltr'><strong>quaedam</strong></span> <span class='ocrx_word' id='word_1_249' title='bbox 1250 2956 1331 3014; x_wconf 89' lang='lat' dir='ltr'><strong>notio</strong></span> <span class='ocrx_word' id='word_1_250' title='bbox 1351 2955 1495 3032; x_wconf 81' lang='lat' dir='ltr'><strong>novitatis,</strong></span> 
     </span>
     <span class='ocr_line' id='line_1_25' title="bbox 338 3054 1498 3135; baseline 0.004 -22"><span class='ocrx_word' id='word_1_251' title='bbox 338 3054 468 3115; x_wconf 75' lang='lat' dir='ltr'><strong>Bronluh.</strong></span> <span class='ocrx_word' id='word_1_252' title='bbox 490 3060 528 3116; x_wconf 88' lang='lat' dir='ltr'><strong>ad</strong></span> <span class='ocrx_word' id='word_1_253' title='bbox 549 3057 617 3116; x_wconf 94' lang='lat' dir='ltr'><strong>Tib.</strong></span> <span class='ocrx_word' id='word_1_254' title='bbox 642 3062 677 3134; x_wconf 86' lang='lat'><strong>1,</strong></span> <span class='ocrx_word' id='word_1_255' title='bbox 712 3060 770 3133; x_wconf 89' lang='lat'><strong>11,</strong></span> <span class='ocrx_word' id='word_1_256' title='bbox 808 3057 837 3119; x_wconf 94' lang='lat'><strong>1.</strong></span> <span class='ocrx_word' id='word_1_257' title='bbox 882 3056 955 3115; x_wconf 81' lang='lat' dir='ltr'><strong>Mire</strong></span> <span class='ocrx_word' id='word_1_258' title='bbox 976 3057 1109 3116; x_wconf 81' lang='lat' dir='ltr'><strong>Jaeclrius</strong></span> <span class='ocrx_word' id='word_1_259' title='bbox 1130 3077 1194 3115; x_wconf 83' lang='lat' dir='ltr'><strong>voe.</strong></span> <span class='ocrx_word' id='word_1_260' title='bbox 1215 3059 1343 3115; x_wconf 74' lang='lat' dir='ltr'><strong>nitentia</strong></span> <span class='ocrx_word' id='word_1_261' title='bbox 1364 3058 1498 3135; x_wconf 88' lang='lat' dir='ltr'><strong>intelligit</strong></span> 
     </span>
     <span class='ocr_line' id='line_1_26' title="bbox 337 3157 1495 3239; baseline 0.003 -23"><span class='ocrx_word' id='word_1_262' title='bbox 337 3177 416 3217; x_wconf 78' lang='lat' dir='ltr'><strong>vasa.</strong></span> <span class='ocrx_word' id='word_1_263' title='bbox 433 3192 471 3204; x_wconf 86' lang='lat'><em>-</em></span> <span class='ocrx_word' id='word_1_264' title='bbox 486 3160 521 3218; x_wconf 98' lang='lat' dir='ltr'><strong>V.</strong></span> <span class='ocrx_word' id='word_1_265' title='bbox 539 3161 591 3224; x_wconf 82' lang='grc'><strong>26.</strong></span> <span class='ocrx_word' id='word_1_266' title='bbox 607 3159 733 3239; x_wconf 79' lang='lat' dir='ltr'><strong>intellige</strong></span> <span class='ocrx_word' id='word_1_267' title='bbox 752 3157 824 3216; x_wconf 82' lang='lat' dir='ltr'><strong>bene</strong></span> <span class='ocrx_word' id='word_1_268' title='bbox 837 3169 942 3217; x_wconf 82' lang='lat' dir='ltr'><strong>notum</strong></span> <span class='ocrx_word' id='word_1_269' title='bbox 959 3178 1017 3216; x_wconf 94' lang='lat' dir='ltr'><strong>non</strong></span> <span class='ocrx_word' id='word_1_270' title='bbox 1031 3168 1091 3219; x_wconf 90' lang='lat' dir='ltr'><strong>tam</strong></span> <span class='ocrx_word' id='word_1_271' title='bbox 1105 3158 1248 3219; x_wconf 90' lang='lat' dir='ltr'><strong>hominem</strong></span> <span class='ocrx_word' id='word_1_272' title='bbox 1268 3160 1414 3236; x_wconf 87' lang='lat' dir='ltr'><strong>„obscuro</strong></span> <span class='ocrx_word' id='word_1_273' title='bbox 1429 3161 1495 3219; x_wconf 88' lang='lat' dir='ltr'><strong>looo</strong></span> 
     </span>
     <span class='ocr_line' id='line_1_27' title="bbox 337 3259 1495 3339; baseline 0.003 -20"><span class='ocrx_word' id='word_1_274' title='bbox 337 3282 395 3321; x_wconf 91' lang='lat' dir='ltr'><strong>non</strong></span> <span class='ocrx_word' id='word_1_275' title='bbox 416 3262 549 3338; x_wconf 86' lang='lat' dir='ltr'><strong>natum‚“</strong></span> <span class='ocrx_word' id='word_1_276' title='bbox 570 3270 602 3322; x_wconf 90' lang='lat' dir='ltr'><strong>ut</strong></span> <span class='ocrx_word' id='word_1_277' title='bbox 622 3263 846 3339; x_wconf 86' lang='lat' dir='ltr'><strong>interpretantur</strong></span> <span class='ocrx_word' id='word_1_278' title='bbox 866 3259 963 3319; x_wconf 85' lang='lat' dir='ltr'><strong>Schol.</strong></span> <span class='ocrx_word' id='word_1_279' title='bbox 980 3262 1068 3338; x_wconf 90' lang='lat' dir='ltr'><strong>Cruq.</strong></span> <span class='ocrx_word' id='word_1_280' title='bbox 1089 3263 1172 3320; x_wconf 88' lang='lat' dir='ltr'><strong>adh.</strong></span> <span class='ocrx_word' id='word_1_281' title='bbox 1195 3263 1215 3321; x_wconf 91' lang='lat' dir='ltr'><strong>l.</strong></span> <span class='ocrx_word' id='word_1_282' title='bbox 1238 3268 1268 3321; x_wconf 92' lang='lat' dir='ltr'><strong>et</strong></span> <span class='ocrx_word' id='word_1_283' title='bbox 1284 3263 1435 3322; x_wconf 78' lang='lat' dir='ltr'><strong>Heindorf.</strong></span> <span class='ocrx_word' id='word_1_284' title='bbox 1456 3264 1495 3321; x_wconf 85' lang='lat' dir='ltr'><strong>ad</strong></span> 
     </span>
     <span class='ocr_line' id='line_1_28' title="bbox 335 3356 1494 3443; baseline 0.002 -22"><span class='ocrx_word' id='word_1_285' title='bbox 335 3365 398 3423; x_wconf 87' lang='lat' dir='ltr'><strong>Sat.</strong></span> <span class='ocrx_word' id='word_1_286' title='bbox 423 3367 453 3441; x_wconf 91' lang='lat'><strong>1,</strong></span> <span class='ocrx_word' id='word_1_287' title='bbox 476 3369 507 3440; x_wconf 88' lang='lat'><strong>2,</strong></span> <span class='ocrx_word' id='word_1_288' title='bbox 522 3356 593 3441; x_wconf 70' lang='lat'><strong>32..</strong></span> <span class='ocrx_word' id='word_1_289' title='bbox 615 3384 701 3442; x_wconf 87' lang='lat' dir='ltr'><strong>quam</strong></span> <span class='ocrx_word' id='word_1_290' title='bbox 722 3385 798 3441; x_wconf 90' lang='lat' dir='ltr'><strong>eum,</strong></span> <span class='ocrx_word' id='word_1_291' title='bbox 820 3365 869 3441; x_wconf 91' lang='lat' dir='ltr'><strong>qui</strong></span> <span class='ocrx_word' id='word_1_292' title='bbox 890 3364 960 3423; x_wconf 80' lang='lat' dir='ltr'><strong>locis</strong></span> <span class='ocrx_word' id='word_1_293' title='bbox 981 3364 1035 3421; x_wconf 89' lang='lat' dir='ltr'><strong>illis</strong></span> <span class='ocrx_word' id='word_1_294' title='bbox 1057 3384 1144 3442; x_wconf 79' lang='lat' dir='ltr'><strong>saepe</strong></span> <span class='ocrx_word' id='word_1_295' title='bbox 1168 3384 1201 3423; x_wconf 82' lang='lat' dir='ltr'><strong>se</strong></span> <span class='ocrx_word' id='word_1_296' title='bbox 1224 3364 1356 3443; x_wconf 86' lang='lat' dir='ltr'><strong>praebuit</strong></span> <span class='ocrx_word' id='word_1_297' title='bbox 1378 3367 1494 3443; x_wconf 88' lang='lat' dir='ltr'><strong>conspi-</strong></span> 
     </span>
     <span class='ocr_line' id='line_1_29' title="bbox 336 3467 1493 3544; baseline 0.002 -20"><span class='ocrx_word' id='word_1_298' title='bbox 336 3468 478 3542; x_wconf 88' lang='lat' dir='ltr'><strong>ciendum,</strong></span> <span class='ocrx_word' id='word_1_299' title='bbox 499 3473 532 3524; x_wconf 90' lang='lat' dir='ltr'><strong>ut</strong></span> <span class='ocrx_word' id='word_1_300' title='bbox 552 3467 683 3524; x_wconf 83' lang='lat' dir='ltr'><strong>omnibus</strong></span> <span class='ocrx_word' id='word_1_301' title='bbox 699 3468 760 3527; x_wconf 86' lang='lat' dir='ltr'><strong>fere</strong></span> <span class='ocrx_word' id='word_1_302' title='bbox 780 3469 874 3526; x_wconf 81' lang='lat' dir='ltr'><strong>factus</strong></span> <span class='ocrx_word' id='word_1_303' title='bbox 891 3467 934 3526; x_wconf 72' lang='lat' dir='ltr'><strong>sit</strong></span> <span class='ocrx_word' id='word_1_304' title='bbox 956 3474 1053 3544; x_wconf 85' lang='lat' dir='ltr'><strong>notus,</strong></span> <span class='ocrx_word' id='word_1_305' title='bbox 1074 3469 1218 3527; x_wconf 91' lang='lat' dir='ltr'><strong>hominem</strong></span> <span class='ocrx_word' id='word_1_306' title='bbox 1238 3468 1284 3526; x_wconf 85' lang='lat' dir='ltr'><strong>vel</strong></span> <span class='ocrx_word' id='word_1_307' title='bbox 1303 3468 1493 3544; x_wconf 84' lang='lat' dir='ltr'><strong>divitem,.vel</strong></span> 
     </span>
     <span class='ocr_line' id='line_1_30' title="bbox 334 3566 1493 3649; baseline 0.003 -25"><span class='ocrx_word' id='word_1_308' title='bbox 334 3566 461 3626; x_wconf 83' lang='lat' dir='ltr'><strong>lautioris</strong></span> <span class='ocrx_word' id='word_1_309' title='bbox 482 3568 558 3626; x_wconf 81' lang='lat' dir='ltr'><strong>vitae</strong></span> <span class='ocrx_word' id='word_1_310' title='bbox 582 3568 738 3644; x_wconf 86' lang='lat' dir='ltr'><strong>cultorem,</strong></span> <span class='ocrx_word' id='word_1_311' title='bbox 774 3569 819 3627; x_wconf 84' lang='lat' dir='ltr'><strong>vel</strong></span> <span class='ocrx_word' id='word_1_312' title='bbox 850 3572 1020 3629; x_wconf 84' lang='lat' dir='ltr'><strong>auctoritate</strong></span> <span class='ocrx_word' id='word_1_313' title='bbox 1041 3574 1189 3647; x_wconf 82' lang='lat' dir='ltr'><strong>gratiaque</strong></span> <span class='ocrx_word' id='word_1_314' title='bbox 1210 3572 1405 3649; x_wconf 86' lang='lat' dir='ltr'><strong>conspicuum.</strong></span> <span class='ocrx_word' id='word_1_315' title='bbox 1445 3570 1493 3627; x_wconf 88' lang='lat' dir='ltr'><strong>lta</strong></span> 
     </span>
     <span class='ocr_line' id='line_1_31' title="bbox 333 3668 1492 3749; baseline 0.002 -22"><span class='ocrx_word' id='word_1_316' title='bbox 333 3670 436 3727; x_wconf 82' lang='lat' dir='ltr'><strong>Senee.</strong></span> <span class='ocrx_word' id='word_1_317' title='bbox 448 3668 568 3727; x_wconf 83' lang='lat' dir='ltr'><strong>Coneol.</strong></span> <span class='ocrx_word' id='word_1_318' title='bbox 581 3671 618 3727; x_wconf 85' lang='lat' dir='ltr'><strong>ad</strong></span> <span class='ocrx_word' id='word_1_319' title='bbox 628 3669 729 3747; x_wconf 89' lang='lat' dir='ltr'><strong>Polyb.</strong></span> <span class='ocrx_word' id='word_1_320' title='bbox 742 3670 793 3736; x_wconf 83' lang='lat'><strong>29.</strong></span> <span class='ocrx_word' id='word_1_321' title='bbox 821 3672 962 3748; x_wconf 69' lang='lat' dir='ltr'><strong>Quotidie</strong></span> <span class='ocrx_word' id='word_1_322' title='bbox 966 3682 1090 3749; x_wconf 81' lang='lat' dir='ltr'><strong>praeter</strong></span> <span class='ocrx_word' id='word_1_323' title='bbox 1108 3672 1210 3730; x_wconf 74' lang='lat' dir='ltr'><strong>oeulos</strong></span> <span class='ocrx_word' id='word_1_324' title='bbox 1231 3682 1388 3729; x_wconf 64' lang='lat' dir='ltr'><strong>aenaeum</strong></span> <span class='ocrx_word' id='word_1_325' title='bbox 1406 3681 1492 3729; x_wconf 83' lang='lat' dir='ltr'><strong>noto-</strong></span> 
     </span>
     <span class='ocr_line' id='line_1_32' title="bbox 240 3759 1491 3851; baseline 0.005 -24"><span class='ocrx_word' id='word_1_326' title='bbox 240 3759 243 3763; x_wconf 33' lang='lat'><em>*</em></span> <span class='ocrx_word' id='word_1_327' title='bbox 332 3792 402 3828; x_wconf 83' lang='lat' dir='ltr'><strong>rum</strong></span> <span class='ocrx_word' id='word_1_328' title='bbox 422 3773 651 3851; x_wconf 79' lang='lat' dir='ltr'><strong>ignotorumque</strong></span> <span class='ocrx_word' id='word_1_329' title='bbox 662 3771 790 3849; x_wconf 85' lang='lat' dir='ltr'><strong>funera.</strong></span> <span class='ocrx_word' id='word_1_330' title='bbox 811 3807 855 3819; x_wconf 86' lang='lat'><strong>-</strong></span> <span class='ocrx_word' id='word_1_331' title='bbox 876 3774 910 3833; x_wconf 89' lang='lat' dir='ltr'><strong>V.</strong></span> <span class='ocrx_word' id='word_1_332' title='bbox 932 3778 983 3839; x_wconf 87' lang='grc'><strong>26.</strong></span> <span class='ocrx_word' id='word_1_333' title='bbox 1015 3776 1108 3844; x_wconf 85' lang='lat' dir='ltr'><strong>Quam</strong></span> <span class='ocrx_word' id='word_1_334' title='bbox 1128 3776 1233 3833; x_wconf 87' lang='lat' dir='ltr'><strong>suerint</strong></span> <span class='ocrx_word' id='word_1_335' title='bbox 1252 3774 1375 3833; x_wconf 89' lang='lat' dir='ltr'><strong>Romani</strong></span> <span class='ocrx_word' id='word_1_336' title='bbox 1393 3794 1491 3833; x_wconf 89' lang='lat' dir='ltr'><strong>aman-</strong></span> 
     </span>
     <span class='ocr_line' id='line_1_33' title="bbox 331 3874 1489 3953; baseline 0 -18"><span class='ocrx_word' id='word_1_337' title='bbox 331 3881 377 3935; x_wconf 86' lang='lat' dir='ltr'><strong>tes</strong></span> <span class='ocrx_word' id='word_1_338' title='bbox 400 3874 578 3951; x_wconf 84' lang='lat' dir='ltr'><strong>studiosique</strong></span> <span class='ocrx_word' id='word_1_339' title='bbox 599 3876 775 3952; x_wconf 85' lang='lat' dir='ltr'><strong>porticuum,</strong></span> <span class='ocrx_word' id='word_1_340' title='bbox 810 3877 867 3935; x_wconf 86' lang='lat' dir='ltr'><strong>vid.</strong></span> <span class='ocrx_word' id='word_1_341' title='bbox 890 3879 927 3935; x_wconf 88' lang='lat' dir='ltr'><strong>ad</strong></span> <span class='ocrx_word' id='word_1_342' title='bbox 951 3880 986 3953; x_wconf 90' lang='lat'><strong>1,</strong></span> <span class='ocrx_word' id='word_1_343' title='bbox 1019 3881 1055 3952; x_wconf 86' lang='lat'><strong>1,</strong></span> <span class='ocrx_word' id='word_1_344' title='bbox 1089 3880 1141 3939; x_wconf 93' lang='grc'><strong>71.</strong></span> <span class='ocrx_word' id='word_1_345' title='bbox 1165 3885 1195 3936; x_wconf 84' lang='lat' dir='ltr'><strong>et</strong></span> <span class='ocrx_word' id='word_1_346' title='bbox 1214 3874 1319 3935; x_wconf 82' lang='lat' dir='ltr'><strong>Loera.</strong></span> <span class='ocrx_word' id='word_1_347' title='bbox 1342 3879 1379 3934; x_wconf 88' lang='lat' dir='ltr'><strong>ad</strong></span> <span class='ocrx_word' id='word_1_348' title='bbox 1402 3878 1489 3935; x_wconf 77' lang='lat' dir='ltr'><strong>Ouid.</strong></span> 
     </span>
     <span class='ocr_line' id='line_1_34' title="bbox 332 3974 1488 4057; baseline 0.003 -25"><span class='ocrx_word' id='word_1_349' title='bbox 332 3976 423 4035; x_wconf 86' lang='lat' dir='ltr'><strong>Trist.</strong></span> <span class='ocrx_word' id='word_1_350' title='bbox 451 3981 486 4053; x_wconf 91' lang='grc'><strong>2,</strong></span> <span class='ocrx_word' id='word_1_351' title='bbox 522 3974 594 4040; x_wconf 81' lang='grc'><strong>286.</strong></span> <span class='ocrx_word' id='word_1_352' title='bbox 639 3976 779 4033; x_wconf 77' lang='lat' dir='ltr'><strong>Porticus</strong></span> <span class='ocrx_word' id='word_1_353' title='bbox 804 3977 966 4057; x_wconf 69' lang='lat' dir='ltr'><strong>Agrippae</strong></span> <span class='ocrx_word' id='word_1_354' title='bbox 993 3980 1157 4056; x_wconf 83' lang='lat' dir='ltr'><strong>intelligitur</strong></span> <span class='ocrx_word' id='word_1_355' title='bbox 1185 3978 1230 4037; x_wconf 84' lang='lat' dir='ltr'><strong>vel</strong></span> <span class='ocrx_word' id='word_1_356' title='bbox 1259 3978 1380 4037; x_wconf 84' lang='lat' dir='ltr'><strong>Panthei</strong></span> <span class='ocrx_word' id='word_1_357' title='bbox 1408 3980 1488 4037; x_wconf 79' lang='lat' dir='ltr'><strong>all.</strong></span> 
     </span>
     <span class='ocr_line' id='line_1_35' title="bbox 330 4077 1491 4158; baseline 0.005 -23"><span class='ocrx_word' id='word_1_358' title='bbox 330 4077 465 4156; x_wconf 81' lang='lat' dir='ltr'><strong>Vipsania</strong></span> <span class='ocrx_word' id='word_1_359' title='bbox 486 4077 616 4157; x_wconf 80' lang='lat' dir='ltr'><strong>Agrippa</strong></span> <span class='ocrx_word' id='word_1_360' title='bbox 636 4080 745 4155; x_wconf 86' lang='lat' dir='ltr'><strong>ingenti</strong></span> <span class='ocrx_word' id='word_1_361' title='bbox 764 4088 879 4158; x_wconf 85' lang='lat' dir='ltr'><strong>sumptu</strong></span> <span class='ocrx_word' id='word_1_362' title='bbox 902 4100 930 4139; x_wconf 87' lang='lat' dir='ltr'><strong>a.</strong></span> <span class='ocrx_word' id='word_1_363' title='bbox 952 4084 1026 4147; x_wconf 88' lang='grc'><strong>727.</strong></span> <span class='ocrx_word' id='word_1_364' title='bbox 1050 4088 1194 4141; x_wconf 80' lang='lat' dir='ltr'><strong>exstructa</strong></span> <span class='ocrx_word' id='word_1_365' title='bbox 1216 4089 1245 4141; x_wconf 90' lang='lat' dir='ltr'><strong>et</strong></span> <span class='ocrx_word' id='word_1_366' title='bbox 1265 4080 1339 4147; x_wconf 84' lang='grc'><strong>729.</strong></span> <span class='ocrx_word' id='word_1_367' title='bbox 1360 4082 1491 4141; x_wconf 88' lang='lat' dir='ltr'><strong>dedicata</strong></span> 
     </span>
     <span class='ocr_line' id='line_1_36' title="bbox 329 4179 1489 4261; baseline 0.003 -23"><span class='ocrx_word' id='word_1_368' title='bbox 329 4179 501 4259; x_wconf 85' lang='lat' dir='ltr'><strong>publicoque</strong></span> <span class='ocrx_word' id='word_1_369' title='bbox 530 4181 593 4239; x_wconf 90' lang='lat' dir='ltr'><strong>usui</strong></span> <span class='ocrx_word' id='word_1_370' title='bbox 622 4180 764 4257; x_wconf 85' lang='lat' dir='ltr'><strong>permissa</strong></span> <span class='ocrx_word' id='word_1_371' title='bbox 788 4182 860 4261; x_wconf 88' lang='lat' dir='ltr'><strong>(vid.</strong></span> <span class='ocrx_word' id='word_1_372' title='bbox 889 4186 998 4244; x_wconf 85' lang='lat' dir='ltr'><strong>Saehse</strong></span> <span class='ocrx_word' id='word_1_373' title='bbox 1025 4184 1163 4260; x_wconf 69' lang='lat' dir='ltr'><strong>„Geson</strong></span> <span class='ocrx_word' id='word_1_374' title='bbox 1192 4184 1251 4243; x_wconf 90' lang='lat' dir='ltr'><strong>und</strong></span> <span class='ocrx_word' id='word_1_375' title='bbox 1273 4182 1489 4261; x_wconf 82' lang='lat' dir='ltr'><strong>Beschreibrmg</strong></span> 
     </span>
     <span class='ocr_line' id='line_1_37' title="bbox 330 4282 1487 4363; baseline 0.006 -25"><span class='ocrx_word' id='word_1_376' title='bbox 330 4282 382 4339; x_wconf 87' lang='lat' dir='ltr'><strong>der</strong></span> <span class='ocrx_word' id='word_1_377' title='bbox 402 4282 452 4341; x_wconf 87' lang='lat' dir='ltr'><strong>alt.</strong></span> <span class='ocrx_word' id='word_1_378' title='bbox 475 4282 586 4341; x_wconf 83' lang='lat' dir='ltr'><strong>Rom.“</strong></span> <span class='ocrx_word' id='word_1_379' title='bbox 604 4283 640 4342; x_wconf 90' lang='lat' dir='ltr'><strong>ll.</strong></span> <span class='ocrx_word' id='word_1_380' title='bbox 662 4305 693 4363; x_wconf 90' lang='lat' dir='ltr'><strong>p.</strong></span> <span class='ocrx_word' id='word_1_381' title='bbox 713 4285 764 4347; x_wconf 88' lang='lat'><strong>83.</strong></span> <span class='ocrx_word' id='word_1_382' title='bbox 787 4284 823 4342; x_wconf 91' lang='lat' dir='ltr'><strong>C.</strong></span> <span class='ocrx_word' id='word_1_383' title='bbox 838 4283 958 4345; x_wconf 80' lang='lat' dir='ltr'><strong>Passov.</strong></span> <span class='ocrx_word' id='word_1_384' title='bbox 978 4285 1019 4345; x_wconf 87' lang='lat' dir='ltr'><strong>N.</strong></span> <span class='ocrx_word' id='word_1_385' title='bbox 1028 4282 1101 4349; x_wconf 78' lang='lat'><strong>244.</strong></span> <span class='ocrx_word' id='word_1_386' title='bbox 1125 4293 1155 4347; x_wconf 89' lang='lat' dir='ltr'><strong>et</strong></span> <span class='ocrx_word' id='word_1_387' title='bbox 1176 4288 1214 4345; x_wconf 83' lang='lat' dir='ltr'><strong>ci.</strong></span> <span class='ocrx_word' id='word_1_388' title='bbox 1235 4287 1402 4346; x_wconf 82' lang='lat' dir='ltr'><strong>Frandsen:</strong></span> <span class='ocrx_word' id='word_1_389' title='bbox 1423 4286 1487 4363; x_wconf 66' lang='lat' dir='ltr'><strong>„ll</strong></span> 
     </span>
     <span class='ocr_line' id='line_1_38' title="bbox 329 4380 1487 4467; baseline 0.008 -28"><span class='ocrx_word' id='word_1_390' title='bbox 329 4380 479 4458; x_wconf 75' lang='lat' dir='ltr'><strong>Vipsanius</strong></span> <span class='ocrx_word' id='word_1_391' title='bbox 501 4382 665 4462; x_wconf 82' lang='lat' dir='ltr'><strong>Agrippa.“</strong></span> <span class='ocrx_word' id='word_1_392' title='bbox 707 4385 804 4445; x_wconf 91' lang='lat' dir='ltr'><strong>Alton.</strong></span> <span class='ocrx_word' id='word_1_393' title='bbox 829 4389 922 4451; x_wconf 89' lang='lat'><strong>1886.</strong></span> <span class='ocrx_word' id='word_1_394' title='bbox 944 4408 974 4465; x_wconf 88' lang='lat' dir='ltr'><strong>p.</strong></span> <span class='ocrx_word' id='word_1_395' title='bbox 988 4385 1073 4465; x_wconf 88' lang='lat'><strong>163.)</strong></span> <span class='ocrx_word' id='word_1_396' title='bbox 1094 4388 1139 4446; x_wconf 84' lang='lat' dir='ltr'><strong>vel</strong></span> <span class='ocrx_word' id='word_1_397' title='bbox 1161 4389 1290 4467; x_wconf 86' lang='lat' dir='ltr'><strong>Neptuni</strong></span> <span class='ocrx_word' id='word_1_398' title='bbox 1312 4392 1372 4448; x_wconf 89' lang='lat' dir='ltr'><strong>sive</strong></span> <span class='ocrx_word' id='word_1_399' title='bbox 1391 4388 1487 4466; x_wconf 89' lang='lat' dir='ltr'><strong>Argo-</strong></span> 
     </span>
     <span class='ocr_line' id='line_1_39' title="bbox 327 4488 1488 4569; baseline 0.008 -29"><span class='ocrx_word' id='word_1_400' title='bbox 327 4491 475 4541; x_wconf 77' lang='lat' dir='ltr'><strong>nautarum</strong></span> <span class='ocrx_word' id='word_1_401' title='bbox 495 4488 598 4545; x_wconf 87' lang='lat' dir='ltr'><strong>eodem</strong></span> <span class='ocrx_word' id='word_1_402' title='bbox 617 4507 692 4548; x_wconf 90' lang='lat' dir='ltr'><strong>anno</strong></span> <span class='ocrx_word' id='word_1_403' title='bbox 709 4489 747 4547; x_wconf 85' lang='lat' dir='ltr'><strong>ab</strong></span> <span class='ocrx_word' id='word_1_404' title='bbox 769 4489 897 4568; x_wconf 80' lang='lat' dir='ltr'><strong>Agrippa</strong></span> <span class='ocrx_word' id='word_1_405' title='bbox 917 4490 1041 4549; x_wconf 86' lang='lat' dir='ltr'><strong>condita.</strong></span> <span class='ocrx_word' id='word_1_406' title='bbox 1084 4490 1167 4550; x_wconf 83' lang='lat' dir='ltr'><strong>Hanc</strong></span> <span class='ocrx_word' id='word_1_407' title='bbox 1188 4491 1217 4549; x_wconf 90' lang='lat' dir='ltr'><strong>h.</strong></span> <span class='ocrx_word' id='word_1_408' title='bbox 1232 4492 1250 4549; x_wconf 94' lang='lat' dir='ltr'><strong>l.</strong></span> <span class='ocrx_word' id='word_1_409' title='bbox 1273 4492 1488 4569; x_wconf 86' lang='lat' dir='ltr'><strong>intelligendam</strong></span> 
     </span>
     <span class='ocr_line' id='line_1_40' title="bbox 328 4585 1485 4671; baseline 0.007 -30"><span class='ocrx_word' id='word_1_410' title='bbox 328 4602 394 4642; x_wconf 80' lang='lat' dir='ltr'><strong>ease</strong></span> <span class='ocrx_word' id='word_1_411' title='bbox 413 4590 482 4661; x_wconf 78' lang='lat' dir='ltr'><strong>poet</strong></span> <span class='ocrx_word' id='word_1_412' title='bbox 500 4585 680 4647; x_wconf 68' lang='lat' dir='ltr'><strong>Meuianum</strong></span> <span class='ocrx_word' id='word_1_413' title='bbox 696 4593 725 4649; x_wconf 91' lang='lat' dir='ltr'><strong>in</strong></span> <span class='ocrx_word' id='word_1_414' title='bbox 746 4592 803 4651; x_wconf 74' lang='lat' dir='ltr'><strong>viu</strong></span> <span class='ocrx_word' id='word_1_415' title='bbox 824 4592 897 4654; x_wconf 87' lang='lat' dir='ltr'><strong>Hor.</strong></span> <span class='ocrx_word' id='word_1_416' title='bbox 919 4612 949 4671; x_wconf 94' lang='lat' dir='ltr'><strong>p.</strong></span> <span class='ocrx_word' id='word_1_417' title='bbox 969 4592 1042 4659; x_wconf 90' lang='grc'><strong>213.</strong></span> <span class='ocrx_word' id='word_1_418' title='bbox 1061 4598 1092 4651; x_wconf 83' lang='lat' dir='ltr'><strong>et</strong></span> <span class='ocrx_word' id='word_1_419' title='bbox 1110 4592 1227 4651; x_wconf 73' lang='lat' dir='ltr'><strong>Pennel.</strong></span> <span class='ocrx_word' id='word_1_420' title='bbox 1248 4594 1286 4653; x_wconf 85' lang='lat' dir='ltr'><strong>ad</strong></span> <span class='ocrx_word' id='word_1_421' title='bbox 1298 4592 1386 4653; x_wconf 90' lang='lat' dir='ltr'><strong>Dion.</strong></span> <span class='ocrx_word' id='word_1_422' title='bbox 1400 4594 1485 4651; x_wconf 88' lang='lat' dir='ltr'><strong>Cass.</strong></span> 
     </span>
    </p>
   </div>
   <div class='ocr_carea' id='block_1_5' title="bbox 0 0 1730 5334">
    <p class='ocr_par' dir='ltr' id='par_1_6' title="bbox 0 0 1730 5334">
     <span class='ocr_line' id='line_1_41' title="bbox 0 0 1730 5334; baseline 0 9"><span class='ocrx_word' id='word_1_423' title='bbox 0 0 1730 5334; x_wconf 95' lang='lat' dir='ltr'><strong> </strong></span> 
     </span>
    </p>
   </div>
  </div>
 </body>
</html>
