3450 5334
360 474 426 541 256
459 472 806 539 COhlldENTARlllN
819 472 993 539 HORthl
1008 472 1086 538 Lm.
1099 474 1124 539 l.
1138 472 1275 542 ,EPlS'R
1291 474 1435 549 eumn.
1476 478 1522 542 66

1161 608 1172 643 l

351 664 408 745 ¹ille
421 664 580 743 Moschum,
593 663 718 725 veneficii
731 683 820 744 reum,
841 665 1051 725 defendendam
1063 664 1232 743 susciperet,
1251 664 1336 742 hujus
1348 664 1390 723 rei
1401 682 1519 725 caum

362 765 430 825 mihi
451 766 548 825 videor
567 766 788 845 deprehendisse
808 766 892 827 valde
913 765 1099 844 prohabilem.
1141 765 1264 824 Noniae
1288 765 1399 844 aliquot
1427 770 1520 826 annis

361 878 433 924 ante
451 864 503 945 [lt]
516 867 641 927 veneficii
654 886 789 947 musam,
809 874 961 929 accusante
975 867 1078 927 Cassio
1095 866 1218 944 Severo,
1238 867 1349 927 dixerat
1367 874 1398 927 et
1418 868 1519 949 procul

360 966 447 1025 dubio
460 972 522 1026 tum
536 965 626 1027 Asinii
640 970 774 1029 Pollionis
789 971 954 1031 defensione
967 975 1029 1029 tum
1042 966 1166 1045 Augusti
1179 970 1350 1029 auctoritate
1369 970 1519 1032 absolutus

359 1069 461 1129 iuerat
504 1065 606 1145 Itaque
630 1070 698 1129 mihi
718 1068 830 1129 videtur
852 1073 891 1131 ad
911 1070 982 1129 illud
1002 1070 1190 1147 patrocinium
1208 1071 1350 1131 adductus
1366 1073 1454 1133 fuisse
1467 1079 1518 1133 aut

360 1173 484 1233 criminis
504 1174 585 1233 istiua
607 1173 749 1251 gravitate
770 1178 822 1233 aut
845 1172 954 1253 pietate
968 1172 1105 1230 adversus
1128 1171 1294 1250 Moschum,
1314 1191 1374 1250 quo
1395 1176 1519 1235 fortasse

360 1276 472 1336 dicendi
490 1277 628 1354 magistro
652 1293 721 1333 nsua
733 1271 853 1333 fuisset“
871 1278 938 1348 eta,
960 1291 1046 1348 quum
1060 1274 1148 1351 igitur
1161 1273 1229 1333 talia
1241 1275 1399 1353 addiderit,
1419 1278 1517 1337 nescio

360 1395 441 1457 sane,
461 1379 621 1455 quomodo,
642 1394 729 1454 quum
744 1374 794 1434 illa
814 1393 899 1433 caure
912 1375 1038 1435 veneficii
1048 1376 1194 1434 inannum
1207 1393 1236 1436 u.
1253 1394 1280 1434 c·
1290 1372 1363 1439 745.
1378 1377 1424 1458 (p.
1440 1378 1516 1442 303.

360 1480 439 1538 etin
460 1478 708 1539 commentatione
722 1478 759 1535 de
777 1477 880 1535 Caesio
898 1478 1061 1535 Parmani
1081 1500 1111 1559 p.
1129 1472 1217 1559 198.)
1238 1477 1371 1537 incidisse
1394 1481 1516 1559 dicatur,

359 1582 429 1640 haec
443 1580 553 1640 Moschi
567 1598 653 1639 causa
666 1578 696 1638 iu
710 1598 815 1637 annum
828 1577 916 1657 733,
930 1596 987 1655 quo
1002 1579 1138 1659 scriptam
1152 1596 1216 1636 esse
1227 1579 1360 1656 opinatur
1373 1582 1517 1643 Weicher·

359 1688 407 1741 tus
432 1682 506 1741 hanc
522 1680 700 1760 Epistolam,
721 1680 844 1739 incidere
865 1681 1002 1759 potuerit.
1043 1679 1113 1739 Non
1136 1700 1171 1739 oo
1191 1681 1257 1761 ipso
1279 1683 1371 1741 omnis
1383 1684 1517 1743 inciditur

358 1784 401 1844 vis
415 1786 610 1862 conjecturae,
627 1800 712 1858 quam
726 1783 763 1842 de
777 1782 880 1840 Nonio
898 1784 1071 1861 Asprenate
1089 1784 1238 1862 Torquato
1259 1784 1390 1844 omnibus
1410 1786 1517 1846 doctri-

358 1905 413 1945 nae
426 1886 514 1965 copiis
528 1884 673 1947 contexuit
686 1884 728 1943 rir
741 1883 946 1944 doctissimus?
965 1882 1012 1942 Αιι
1025 1884 1070 1943 hia
1085 1885 1116 1943 in
1129 1886 1255 1945 indicato
1270 1904 1347 1945 anno
1359 1886 1456 1965 lapaus
1470 1892 1517 1947 est

358 1986 531 2067 typothetai
558 1984 658 2045 Solvet
671 1984 802 2062 aenigma
815 1986 871 2046 hoc
884 2006 957 2045 unns
972 2005 1008 2047 ex
1023 1987 1160 2066 Oedipis,
1180 2006 1240 2046 non
1252 2006 1316 2065 ego.

442 2088 476 2149 V.
493 2088 608 2154 9-11,
639 2113 708 2151 craa
723 2100 853 2149 nato-
873 2101 997 2152 noctem.
1041 2087 1124 2148 Diem
1145 2089 1224 2149 illum
1238 2091 1343 2149 festum
1360 2095 1517 2168 praeeunte

358 2190 518 2250 Scholiasta
541 2191 660 2272 Cruquii
684 2198 760 2252 recte
779 2192 943 2271 intelligunt
967 2191 1091 2251 natalem
1115 2192 1247 2251 Caesaris
1266 2189 1390 2266 Augusti
1410 2192 1440 2248 d.
1463 2190 1514 2253 IX.

358 2292 424 2351 Kal.
439 2292 558 2354 Octobr.
573 2293 602 2351 h.
617 2312 643 2350 e.
658 2294 704 2353 die
715 2296 767 2358 23.
782 2313 821 2353 m.
837 2292 999 2371 Septemhr.
1013 2294 1074 2353 nati
1089 2296 1255 2351 Maaromaa
1269 2313 1299 2372 p.
1313 2290 1398 2368 209.,
1423 2290 1509 2351 Wei-

359 2392 478 2451 clsertua
499 2414 528 2471 p.
542 2392 629 2467 316„
654 2395 828 2455 Schmidiua
848 2398 879 2456 iu
901 2396 950 2455 ed.
971 2395 1150 2454 Braunhardi
1163 2394 1200 2454 ll.
1221 2390 1346 2475 p.t90.,
1371 2393 1514 2472 Orellr'rta,

363 2494 434 2552 Car.
450 2494 603 2553 Blankiuo
623 2496 684 2556 loeo
698 2516 786 2575 supra
803 2497 931 2557 laudato.
974 2496 1077 2573 Neque
1091 2496 1190 2555 obstat
1204 2516 1263 2555 noe
1279 2496 1409 2567 oeadva,
1431 2514 1515 2575 qnae,

358 2615 523 2676 quanquum
546 2597 748 2675 auctumnalis,
776 2597 855 2657 ltalia
879 2597 953 2658 hene
976 2597 1078 2657 dicitur
1096 2597 1213 2661 aestiva.
1256 2597 1397 2676 SioVrrg.
1412 2599 1467 2661 Ge.
1485 2602 1514 2678 1,

359 2700 434 2761 311.
481 2700 565 2777 Quid
583 2710 770 2777 tempeatntea
784 2702 944 2758 aucmmns‘
958 2710 987 2757 et
1003 2700 1102 2759 nidera
1117 2699 1241 2759 dicare?
1260 2700 1367 2781 Atque
1384 2702 1515 2777 abisam

359 2800 534 2882 breviorque
544 2801 608 2861 dier
624 2812 654 2859 et
669 2801 790 2860 mollior
800 2814 901 2861 acam
907 2846 921 2875 ,
947 2804 1033 2881 Quae
1045 2803 1208 2883 vt’grbmda
1219 2803 1319 2861 νίτίεἳ
1337 2809 1369 2864 et
1379 2805 1418 2864 ihi
1428 2806 1514 2871 Voss.

359 2926 391 2985 p·
407 2904 478 2967 149.
498 2905 636 2986 Calpnm.
656 2904 716 2964 Ecl.
736 2905 771 2984 1,
792 2906 821 2969 1.
864 2906 1014 2967 Nondum
1035 2905 1116 2965 Solia
1139 2926 1230 2985 equos
1251 2905 1377 2965 declivis
1392 2912 1516 2989 mitigat

358 3017 474 3084 melna,
501 3007 648 3085 Quarum
669 3016 699 3064 et
719 3006 852 3067 madida
876 3007 1056 3067 incrrmhant
1069 3008 1159 3088 prela
1174 3012 1302 3067 racemis
1317 3008 1362 3067 Et
1376 3024 1517 3089 spument

260 3184 264 3191 ³
359 3130 452 3168 rauco
465 3109 618 3189 savenu'u
642 3120 742 3167 maala
759 3130 890 3169 oraturo.
932 3111 1065 3172 Caesaris
1085 3115 1181 3168 autem
1193 3107 1319 3186 Augusti
1336 3112 1412 3173 diem
1433 3121 1515 3175 nata-

358 3212 415 3272 lem
434 3213 586 3289 quotannis
606 3212 719 3291 publice
739 3212 911 3272 celebratum
931 3231 995 3273 esse
1015 3212 1120 3272 docent
1138 3210 1196 3270 Dio
1209 3212 1292 3271 Cass.
1307 3212 1364 3292 51,
1389 3216 1439 3277 19.
1462 3216 1514 3296 54,

307 3304 309 3309 ,
359 3314 388 3376 8.
402 3314 453 3377 26.
466 3310 517 3375 34.
532 3314 590 3391 56,
614 3314 666 3377 29.
680 3310 731 3375 46.
773 3315 895 3373 Suetou.
909 3316 1011 3380 octav.
1027 3313 1079 3377 57.
1093 3311 1162 3388 ibiq.
1178 3314 1302 3379 casaub.
1324 3323 1355 3377 et
1367 3338 1440 3396 quoa
1454 3322 1516 3381 lan-

358 3415 412 3473 dat
424 3414 576 3475 Weichcrt.
590 3435 619 3494 p.
635 3414 707 3477 318.
750 3412 851 3492 ltaque
864 3434 923 3475 non
936 3416 998 3475 aine
1011 3413 1136 3492 quedam
1156 3421 1241 3492 grata
1253 3415 1377 3496 Augusti
1393 3442 1516 3482 comma·

358 3517 516 3576 moratione
542 3522 655 3576 noctem
680 3516 737 3598 ipsi
760 3518 817 3577 diei
841 3516 931 3576 natali
957 3516 1174 3595 praecedentem
1203 3517 1285 3578 hilari
1303 3523 1432 3582 convivio
1449 3544 1514 3585 cum

358 3618 468 3696 aliquot
483 3618 579 3677 amicis
598 3638 630 3679 se
651 3618 800 3699 profitetur
823 3624 1031 3678 trausacmrum
1048 3618 1144 3678 hilaris
1160 3617 1260 3681 Poeta
1302 3619 1395 3682 Nimia
1418 3632 1515 3686 autern

357 3720 583 3780 verecundantur
611 3740 778 3797 omna-qne
801 3722 917 3781 modum
938 3722 1095 3797 excedunt,
1124 3724 1149 3781 ai
1176 3725 1227 3803 qni
1246 3728 1329 3801 sunt,
1357 3727 1407 3803 qni
1424 3728 1463 3787 oh
1482 3728 1515 3788 id

357 3840 465 3901 uuum,
486 3839 523 3881 ne
549 3820 688 3881 Horatius
708 3823 738 3881 in
757 3822 828 3882 illud
854 3823 959 3882 crimen
979 3822 1165 3905 murman,
1186 3828 1264 3902 quod
1287 3830 1314 3887 ei
1332 3829 1436 3889 afferre
1456 3850 1515 3891 non

357 3923 493 3982 desinunt
516 3921 630 4001 samii,
658 3923 806 4003 Menarchi,
835 3925 960 4003 ineidat,
980 3924 1056 3985 hunc
1084 3927 1159 3987 diem
1184 3929 1290 3989 festum
1306 3930 1383 3991 Julio
1399 3933 1516 3993 Caesari

358 4024 482 4083 dicatum
497 4024 605 4085 rolant.
647 4024 802 4104 Nunquam
819 4028 875 4087 suit
900 4028 1039 4088 Horatius
1059 4034 1121 4089 tam
1140 4030 1235 4108 pusilli
1256 4033 1361 4112 animi,
1380 4040 1415 4094 ut
1437 4054 1516 4095 more
1589 4086 1597 4110 x

358 4127 501 4203 modoque
532 4127 676 4187 hominmn
706 4126 861 4188 aulicorum
891 4130 1031 4191 seniliter
1059 4130 1224 4191 adularetur
1257 4131 1401 4211 Augusto.
1449 4133 1515 4194 Vid.

357 4227 550 4287 Feldhnuaoh
571 4230 610 4288 de
640 4229 677 4306 Q.
704 4231 781 4291 Hor.
799 4231 849 4291 fil.
870 4253 932 4291 non
948 4230 1117 4291 adulatore.
1161 4232 1296 4296 Heidelb.
1313 4235 1407 4298 1839.
1419 4255 1450 4314 p.
1463 4234 1515 4300 32.

357 4333 388 4385 et
412 4330 529 4411 Teuffel
547 4330 577 4389 in
600 4330 695 4390 Jahnii
715 4329 811 4398 NJhb.
842 4331 937 4399 1840.
958 4332 1089 4395 xxvllu
1117 4334 1148 4398 3.
1177 4356 1211 4417 p.
1227 4336 1302 4400 333.
1345 4336 1516 4419 Complures

358 4434 454 4495 temen
467 4431 514 4489 alii
530 4437 563 4490 ut
582 4432 748 4505 Daceriua,
761 4434 957 4515 Derprazr'ua,
976 4439 1141 4507 Gamzo,
1160 4438 1372 4511 Walandaa,
1386 4438 1517 4498 Bruan-

358 4528 495 4601 lrardna,
525 4530 728 4615 Chorpentier.
736 4581 750 4611 ,
776 4539 978 4622 Groufendra
995 4538 1039 4625 (ru
1059 4536 1215 4621 Encyolop.
1231 4539 1351 4605 Helena.
1376 4541 1456 4601 seat.
1471 4540 1513 4601 ll.
