3450 5334
345 480 410 546 234
431 482 718 545 commen
734 480 778 543 IN
793 478 966 543 HOBITII
987 478 1105 545 L1B.1.
1127 479 1255 543 EPIST.
1269 480 1423 553 nuent.
1466 479 1509 544 44

344 669 459 751 Epicnsi
467 673 573 731 lecim
582 672 633 731 viri
642 672 734 747 docti,
753 688 867 731 oausam
876 688 908 729 se
923 687 982 728 non
997 670 1094 728 videre
1107 668 1233 746 ingenue
1243 670 1349 730 latebit
1359 672 1507 749 Heym'us.

345 774 432 843 Quod
442 773 580 833 Horatius
600 774 696 832 addit:
727 772 857 853 dignum
882 771 1017 848 sapiente
1041 770 1191 849 bonoque,
1215 778 1261 830 est
1291 790 1327 830 ex
1346 791 1399 831 sua
1418 772 1508 851 ipsius

344 873 563 953 philosophandi
583 876 703 948 ratione,
724 893 809 951 quam
824 874 946 933 eandem
965 871 1065 932 tribuit
1083 872 1182 935 amico.
1225 869 1382 933 Lambinus
1398 874 1508 933 contet

345 974 438 1054 Epist.
463 977 492 1052 1,
512 978 543 1049 7,
564 976 615 1038 22.
645 976 696 1049 16,
719 977 771 1039 20.
794 976 847 1037 73.
875 972 910 1033 Α.
932 972 965 1033 Ρ.
980 969 1053 1035 446.
1085 974 1146 1033 Cic.
1168 972 1251 1032 0ffic.
1273 973 1376 1050 3,15,
1398 976 1448 1039 62.

429 1076 464 1135 V.
484 1078 554 1139 6-
569 1076 621 1137 11.
664 1075 738 1133 Non
760 1086 794 1133 tn
815 1110 858 1121 -
878 1074 1044 1133 macene?
1082 1074 1123 1135 Hi
1149 1093 1248 1134 versus
1274 1074 1508 1134 antecedentibus

345 1179 420 1237 bunc
439 1182 595 1236 annectimt
607 1180 812 1237 sententiarum
825 1177 967 1236 ordinem:
992 1176 1058 1254 „Et
1074 1182 1152 1235 recte
1162 1178 1293 1253 quidem,
1314 1176 1364 1234 tibi
1381 1175 1452 1233 enim
1463 1180 1508 1233 est

344 1280 488 1358 ingenium
505 1278 721 1357 pulcbem'mum
739 1280 849 1355 diisque
865 1284 984 1358 accepta
1006 1278 1095 1337 refers
1111 1278 1188 1338 bona
1205 1282 1244 1338 ad
1265 1278 1336 1338 bene
1356 1278 1509 1337 vivendum

344 1384 458 1457 idonea,
476 1381 578 1458 quibus
588 1381 656 1439 nihil
666 1387 764 1460 potest
774 1381 841 1441 addi
853 1382 974 1459 majus.“
993 1380 1088 1439 Verba
1103 1385 1218 1440 autem:
1241 1381 1367 1441 Non-
1375 1393 1508 1461 pectore,

345 1484 467 1564 μείωσις
496 1490 563 1541 sunt
584 1480 641 1565 (uti
662 1484 701 1559 1,
723 1484 755 1559 3,
776 1480 859 1561 22),
884 1499 941 1557 que
961 1482 1061 1541 eximia
1080 1483 1123 1541 vel
1146 1480 1287 1541 sentiendi
1306 1482 1350 1543 vel
1363 1482 1508 1560 cogitandi

345 1586 388 1645 vis
403 1585 585 1663 significatur.
629 1582 762 1644 Similiter
785 1582 871 1643 Ovid.
892 1582 964 1642 Met.
990 1584 1042 1659 13,
1064 1583 1137 1647 290.
1159 1584 1245 1642 mdis
1267 1596 1296 1642 et
1316 1588 1380 1644 sine
1388 1595 1509 1663 pectore

346 1686 442 1745 noles.
484 1686 529 1749 Id.
561 1686 680 1747 Heroid.
709 1687 766 1762 16,
789 1683 862 1747 305.
892 1686 1056 1742 Hunccim
1080 1698 1113 1743 tu
1137 1706 1236 1764 speres
1263 1688 1415 1746 bominem
1445 1688 1510 1743 eim

341 1798 462 1867 pectore
481 1786 563 1845 dotes
584 1790 678 1846 Posse
692 1788 767 1845 sotis
777 1785 917 1864 formae,
946 1786 1094 1864 Tyndari,
1117 1808 1202 1845 nosse
1215 1798 1294 1847 tuae.
1328 1786 1455 1847 martial
1477 1788 1509 1864 6,

347 1886 400 1965 64,
424 1890 476 1951 16.
507 1889 570 1947 Sed
589 1889 645 1947 tibi
663 1888 737 1967 plus
759 1889 880 1960 mate,
903 1886 959 1945 tibi
980 1908 1031 1945 cor
1051 1888 1177 1946 liceante
1191 1891 1334 1947 Minerva
1347 1888 1466 1947 Acrius
1481 1899 1510 1945 et

347 1990 615 2065 tenoeefinxerscnt
625 2002 731 2069 pectus
744 1990 896 2050 Athenae.
926 1989 1015 2048 Rutil.
1035 1990 1131 2050 Itiner.
1152 1997 1182 2065 1,
1203 1987 1276 2054 498.
1306 1991 1374 2048 Neo
1388 2001 1509 2048 tantum

328 2160 331 2168 ,
347 2094 433 2152 deris
446 2095 539 2152 nituit
552 2094 700 2170 sapientia
713 2092 823 2151 rebus:
847 2096 974 2152 Pectore
988 2114 1047 2150 non
1068 2092 1131 2149 alio
1140 2095 1333 2170 prosperiora
1346 2093 1440 2167 tulit5
1459 2092 1508 2151 ubi

236 2269 240 2280 ι
330 2194 659 2274 ·Wemsdorfinsbujus'
679 2194 733 2254 loci
755 2195 890 2255 nonfuit
909 2196 1063 2255 immemor.
1093 2192 1168 2253 Eum
1186 2196 1313 2253 imitatus
1331 2201 1377 2254 est
1393 2195 1509 2273 elegan-

232 2287 236 2297 ’
348 2300 471 2357 tissimus
496 2297 702 2356 Gemanorum
722 2302 824 2375 poeta,
853 2295 1001 2383 Iqofiqbqus
1018 2296 1047 2353 in
1069 2295 1150 2373 Eleg.
1176 2293 1207 2371 4,
1231 2297 1261 2371 6,
1283 2298 1335 2359 71.
1368 2298 1435 2355 Nec
1455 2297 1509 2355 de-

336 2411 412 2471 ,οναι
427 2400 526 2458 cultae
532 2399 645 2478 sacillo
661 2397 717 2455 tibi
730 2400 817 2475 copie
832 2396 1046 2477 lingzme,Nec
1056 2400 1120 2455 se'ne
1127 2398 1262 2476 fecundo
1270 2410 1392 2475 pectore
1401 2420 1509 2477 corpus

348 2523 427 2573 erae,
446 2502 484 2561 ad
506 2519 590 2577 quem
605 2501 660 2563 loc.
681 2500 746 2559 vide
768 2500 972 2566 Rormannum.
1015 2501 1109 2571 Quam
1129 2498 1188 2559 late
1207 2503 1308 2577 pateat
1327 2522 1388 2561 voc.
1403 2512 1509 2579 pecto-

349 2605 391 2661 ris
421 2603 604 2681 significatio,
644 2602 715 2660 dixit
745 2601 918 2660 Poldcmus
940 2603 978 2661 ad
1004 2599 1092 2679 Prop.
1120 2623 1150 2681 p.
1172 2601 1261 2678 296,
1291 2604 1327 2661 ct'.
1349 2603 1505 2661 chuhat.

347 2705 386 2763 ad
396 2703 474 2763 Pers.
492 2725 520 2783 p.
533 2703 603 2767 153.
639 2702 771 2762 Orellins
791 2710 937 2783 comparat
959 2701 1076 2776 Quintil
1097 2702 1169 2762 lost.
1192 2703 1253 2777 10,
1275 2706 1375 2777 7,1o.
1399 2707 1510 2764 Pectus

350 2819 393 2866 est
400 2850 413 2878 ,
437 2807 519 2887 quod
537 2806 660 2864 desertos
675 2807 758 2886 facit
778 2818 807 2863 et
828 2808 876 2863 vie
897 2807 1015 2865 mentes.
1050 2806 1165 2882 Corpus
1183 2804 1309 2883 intellige
1329 2806 1373 2865 vel
1394 2809 1509 2867 brutum

349 2910 477 2989 (Oceli),
502 2910 546 2969 vel
567 2907 657 2967 simile
682 2909 785 2967 statuis
806 2909 892 2967 corde
914 2909 1064 2984 animoque
1088 2906 1249 2967 carentibus
1270 2908 1434 2990 (Hubert),
1451 2910 1508 2988 vel,

348 3012 426 3090 quod
445 3010 547 3086 nolim,
569 3011 760 3091 cenotaphiis,
790 3011 894 3087 quibus
914 3028 1008 3085 neque
1028 3027 1131 3089 corpus
1148 3026 1241 3086 neque
1260 3009 1395 3088 reliquiae
1413 3013 1509 3072 illatae

348 3118 417 3172 sunt
437 3111 571 3193 (Minos).
611 3109 655 3170 De
673 3130 704 3171 re
722 3114 786 3191 ipsa
805 3113 825 3169 ἰ.
843 3131 870 3176 e.
897 3114 934 3171 de
952 3112 1067 3189 iugenio
1083 3109 1191 3169 Tibulli
1211 3110 1277 3170 vide
1297 3131 1369 3189 quos
1390 3113 1509 3174 laudaut

349 3213 488 3274 Baebius
506 3216 544 3275 ad
565 3213 632 3274 Tib.
654 3234 683 3292 p.
705 3212 779 3271 xvl.
800 3212 907 3277 XVIII.
926 3212 1011 3287 XX..
1032 3212 1070 3271 ud
1088 3211 1213 3271 libellum
1231 3213 1339 3289 „Geist
1359 3217 1411 3276 der
1424 3216 1508 3276 Rem

348 3318 474 3397 Elegie“
501 3337 530 3394 p.
548 3316 654 3387 XVII,
688 3316 848 3372 Dissenius
874 3314 913 3373 ad
938 3316 1060 3375 eundem
1095 3332 1124 3390 p.
1151 3312 1314 3391 XXXVII„
1350 3318 1510 3397 Grnpps'ue

349 3419 399 3482 l.l.
422 3441 452 3500 p.
473 3418 535 3481 355
552 3435 616 3493 sqq.
648 3414 694 3475 De
715 3416 858 3492 dissimili,
880 3436 954 3494 qnae
970 3418 1045 3475 inter
1060 3413 1205 3474 Tibullum
1226 3423 1258 3474 et
1271 3416 1424 3477 Horatium
1443 3420 1507 3495 luit,

349 3521 490 3580 sentiendi
505 3520 614 3579 ratione
630 3517 771 3577 subtiliter
789 3520 938 3599 disputant
959 3517 1155 3577 Welcrzdmo
1175 3516 1215 3579 N.
1238 3520 1267 3581 2.
1297 3538 1326 3598 p.
1337 3519 1389 3582 99.
1409 3540 1454 3597 sq·
1475 3527 1507 3580 et

355 3625 514 3700 Groppiuo
534 3621 553 3678 l.
570 3619 590 3683 l.
610 3639 640 3698 p.
659 3619 732 3682 390.
746 3619 840 3699 396,
860 3621 1026 3699 quibuscum
1046 3621 1084 3680 cl.
1102 3620 1252 3680 Pcldami
1269 3620 1371 3697 „Rem
1382 3619 1506 3679 Erotik“

352 3747 383 3805 p.
392 3724 442 3789 57.
453 3731 483 3783 et
493 3724 545 3786 78.
571 3718 681 3780 Dubito
695 3727 799 3797 autem,
813 3742 880 3782 num
892 3723 1023 3781 Botlsiuo
1038 3744 1104 3780 eras
1114 3730 1190 3783 recte
1199 3722 1302 3783 babeat
1314 3743 1368 3803 pro
1378 3722 1508 3802 enabnge

350 3826 486 3907 temporie
505 3843 558 3903 pto
582 3843 631 3893 ee,
656 3829 689 3881 ut
708 3822 880 3883 Graecorum
906 3816 948 3903 ἦν
975 3846 1028 3906 pro
1052 3825 1124 3887 ἔστί.
1166 3824 1284 3885 Talibus
1301 3825 1508 3887 Grammatico-

350 3946 413 3986 sum
432 3925 597 3986 commentis
621 3922 692 4001 (vid.
716 3922 826 3987 Scbaef.
852 3929 891 3985 ed
907 3926 1029 3986 Thence.
1049 3927 1109 4004 19,
1130 3928 1178 4004 8.)
1205 3948 1293 4004 quum
1313 3946 1397 3988 nenio
1422 3929 1509 3988 bodie

351 4028 435 4089 fidem
449 4028 572 4105 babeat,
592 4027 734 4105 dicemus,
753 4047 820 4084 eras
836 4030 1015 4088 referendum
1031 4030 1140 4087 essead
1157 4029 1187 4087 id
1202 4034 1326 4108 tempus,
1347 4032 1426 4107 quod
1436 4031 1510 4091 Poe·

353 4135 400 4189 tae
418 4132 512 4190 animo
537 4128 755 4206 obversabatur,
777 4134 825 4186 ut:
853 4149 915 4209 „ex
937 4150 996 4206 quo
1018 4132 1092 4189 inter
1111 4150 1165 4189 nos
1183 4132 1288 4189 versam
1309 4132 1429 4213 coepisti
1440 4150 1508 4209 ego-

352 4250 407 4309 que
434 4237 464 4291 te
487 4231 634 4309 cognovi“
655 4231 675 4289 i.
693 4248 717 4289 e.
735 4248 847 4309 semper
876 4230 930 4310 (sic
948 4231 1068 4312 Oceli),
1098 4232 1144 4291 vel
1164 4231 1393 4310 intelligendum:
1415 4238 1509 4311 „ante

351 4334 436 4391 istum
451 4352 591 4393 secessum
611 4332 721 4391 tnum“
742 4333 797 4404 (sic
811 4330 916 4408 Torn,
939 4334 1024 4398 Jahn.
1046 4339 1077 4391 et
1092 4333 1253 4415 Schmid.);
1278 4334 1323 4393 vel
1346 4354 1409 4394 cum
1430 4334 1509 4391 Gea-

353 4454 421 4490 nero
447 4441 478 4493 et
503 4436 668 4515 Doeringzo
705 4433 882 4493 referendum
911 4434 949 4493 ud
980 4436 1114 4495 nascendi
1143 4435 1323 4514 felicitatem,
1364 4442 1506 4513 quatenus

352 4536 495 4613 ingenium
528 4538 557 4595 iu
577 4556 666 4617 puero
702 4537 800 4597 statim
826 4537 981 4597 eminuerit.
1012 4570 1056 4584 -
1090 4537 1124 4596 di
1153 4540 1297 4618 formem.
1353 4538 1432 4599 Idem
1464 4543 1508 4598 te·
