3450 5334
218 502 260 567 88
303 500 585 563 committi
601 502 644 561 ni
662 498 829 563 notam
849 499 1165 563 timentum).
1186 498 1263 558 um.
1276 499 1301 558 1.
1323 492 1387 561 180

217 672 298 731 Plat.
318 668 357 731 dc
370 673 446 751 liep·
467 668 499 748 4,
518 673 551 735 7.
572 672 611 730 ll.
628 690 660 751 p.
680 672 753 736 288.
770 669 881 735 Stallb.
901 673 948 731 De
969 690 1002 730 re
1022 670 1141 754 ipraof.
1154 672 1187 734 J.
1200 670 1240 731 l).
1254 665 1386 730 Schulae

217 775 251 833 in
274 772 455 853 Pcrdogog.
486 772 523 851 Q.
548 773 685 835 Horatii.
713 774 878 835 [rubbenae
896 774 992 840 1801.
1019 770 1090 834 oth.
1111 776 1206 836 Vaen.
1231 774 1384 833 Emblem.

218 878 325 937 Horat.
336 896 369 957 p.
382 872 435 940 24.

304 1079 341 1143 V·
362 1080 414 1143 70·
437 1081 490 1144 71.
524 1076 642 1159 Queat
664 1098 817 1141 oeam—
834 1080 923 1139 meto.
969 1078 1118 1142 stultior
1134 1076 1280 1161 Sophocl.
1300 1078 1385 1158 Ajac.

222 1181 315 1247 1088.
331 1174 392 1267 depr
409 1177 444 1245 dl
457 1177 500 1263 μή
516 1174 587 1245 co'd’
602 1180 682 1246 terte
694 1182 728 1249 lv
740 1180 848 1270 yruipp
861 1183 947 1262 otte,
957 1175 1062 1257 κεῖνός
1074 1174 1107 1245 τ’
1121 1180 1222 1247 taeter
1233 1180 1385 1268 marrire,

220 1278 304 1367 reiro*
320 1277 405 1363 τάδε,
427 1302 519 1366 quem
539 1284 642 1345 locum
662 1287 849 1367 comparavit
873 1282 1030 1363 Matthiae,
1052 1285 1197 1345 Deceriua
1216 1295 1321 1346 autem
1341 1285 1386 1344 Μ.

222 1386 366 1450 Antonin.
386 1389 417 1461 7,
432 1388 483 1450 69.
504 1380 580 1468 μήτε
595 1380 730 1467 coitio,
751 1380 827 1469 μήτε
849 1390 978 1474 raptav-
1018 1390 1125 1470 Neque
1137 1407 1263 1448 aeneum
1275 1384 1387 1448 horum

220 1488 382 1549 verborum
403 1490 477 1548 aetia
497 1489 692 1574 perspicuum
707 1510 807 1573 neque
826 1492 985 1567 rationem,
1007 1510 1068 1573 qua
1090 1501 1258 1552 commotus
1276 1510 1313 1549 ea
1330 1487 1388 1550 ad-

221 1590 331 1651 diderit
346 1592 498 1667 Horatiue‚
516 1610 623 1651 omner
636 1595 767 1653 arrecuti
777 1604 849 1653 runt
858 1594 1046 1674 interpreter,
1064 1594 1092 1654 ei
1104 1592 1256 1654 audirerir
1266 1594 1386 1670 amb„

221 1694 323 1776 Grnq„
344 1691 453 1757 Jaeck.
474 1693 941 1776 [te.130nd.]etnoeringium.
983 1696 1036 1756 Sic
1054 1706 1157 1757 autem
1176 1718 1246 1757 rere
1259 1706 1387 1758 conant:

220 1798 308 1877 „ligo
333 1793 468 1879 quidem,
489 1796 636 1879 quicquid
656 1808 692 1857 tu
714 1798 830 1877 egeria,
851 1818 921 1858 meo
941 1797 1066 1859 modulo
1087 1796 1229 1859 incedere
1249 1818 1387 1881 pergam,

220 1919 321 1982 neque
339 1897 491 1977 tarditate,
513 1903 541 1961 ai
559 1920 620 1983 qua
639 1901 695 1961 tibi
711 1902 784 1975 erit,
804 1899 990 1978 retardatam,
1009 1920 1112 1984 neque
1135 1920 1227 1961 curru
1247 1903 1312 1960 rive
1335 1920 1390 1962 aa*

220 2004 352 2083 pientiae
366 2004 461 2062 nimio
472 2012 527 2063 tuo
543 2005 710 2065 aliorumve
726 2001 827 2063 studio
842 2004 1017 2064 incitatur.“
1037 2004 1139 2083 (Notio
1151 2004 1207 2061 illa
1218 2003 1387 2064 aliormnve

221 2107 302 2165 ineat
330 2106 364 2163 in
392 2108 630 2166 commutatione
657 2108 795 2165 numeri:
826 2105 951 2165 tardam
966 2140 1011 2151 -
1025 2102 1284 2187 praecedentibus.
1318 2103 1387 2167 Vid.

221 2210 327 2273 nec..
350 2206 390 2268 aa
407 2210 470 2273 cu.
492 2212 529 2269 re.
546 2211 585 2273 o.
606 2211 634 2283 1,
655 2208 709 2273 aa.
728 2218 759 2267 er
776 2205 890 2268 uerna.
908 2205 949 2266 aa
971 2186 1035 2274 sie
1046 2210 1077 2286 1,
1095 2205 1127 2285 4,
1143 2205 1210 2289 aa.)
1252 2207 1388 2288 apparet

220 2320 340 2383 antem,
372 2313 532 2371 Horatium
556 2309 634 2372 haec
661 2308 754 2392 (qnae
784 2307 984 2369 hauddubie
1013 2328 1033 2369 a
1056 2308 1234 2370 decursione
1253 2309 1388 2370 (lircenri

221 2413 286 2477 Set.
311 2416 340 2487 1,
365 2411 489 2490 1,114.
510 2415 659 2494 Epietz
685 2415 716 2491 2,
738 2410 814 2478 204.
833 2415 929 2495 petita
947 2412 1034 2495 runt)
1055 2410 1219 2487 addidimr,
1239 2433 1289 2492 ne,
1309 2432 1389 2495 quae

222 2516 346 2576 alteriue
367 2534 457 2577 cauae
476 2518 519 2578 ita
534 2519 747 2599 praecepisset,
764 2527 938 2597 arroganter
953 2514 1069 2577 dixiree
1085 2514 1250 2577 videratur.
1291 2516 1388 2577 Prae·

222 2629 304 2679 terea
323 2615 404 2695 „hoc
425 2639 546 2703 quoque
563 2620 663 2697 loco‚“
685 2629 719 2679 ut
739 2622 876 2701 apprime
900 2629 1026 2680 annotat
1047 2619 1097 2678 rr.
1119 2619 1252 2699 teeobc,
1273 2621 1390 2698 „Poeta

222 2741 256 2782 ee
274 2719 492 2783 mediocritatis
512 2725 606 2800 illiue,
629 2742 723 2805 qnam
740 2724 852 2804 ubique
875 2724 909 2781 in
927 2724 1017 2783 rebur
1038 2719 1146 2782 ethicir
1167 2742 1241 2803 prae
1267 2741 1301 2784 eo
1318 2723 1388 2799 fert,

222 2822 393 2886 rudium
409 2823 550 2889 ostendit.
578 2828 676 2907 Epiat.
696 2829 727 2900 6,
752 2824 804 2889 18.
828 2826 902 2889 16.“
931 2825 979 2883 ci.
1000 2833 1103 2884 annot.
1118 2822 1157 2883 ad
1172 2826 1269 2905 Epist.
1285 2828 1315 2902 1,
1335 2829 1389 2891 27.

222 2927 275 2991 82.
297 2924 348 2987 Ad
361 2938 499 2987 nostram
510 2926 728 3010 interpretandi
743 2928 893 2987 rationem
903 2930 1044 3007 proxime
1057 2924 1206 2987 accedunt
1218 2925 1389 2995 Hoclreder.

224 3039 256 3089 et
275 3030 401 3107 Weber,
422 3050 598 3113 quanquam
615 3030 667 3091 hic
690 3030 782 3089 aliam
801 3030 947 3110 epistolae
970 3027 1121 3089 liniendae
1144 3027 1221 3089 vidit
1242 3030 1391 3092 rationem

225 3133 457 3215 conciliumque.
478 3133 526 3197 cf.
541 3134 633 3197 Gran.
654 3134 781 3214 Stangio
798 3142 901 3193 autem
914 3131 991 3193 haec
1008 3134 1091 3192 utin
1106 3132 1207 3211 Epiri.
1229 3132 1261 3209 1,
1279 3134 1391 3210 1,106

224 3255 293 3319 rqq,
316 3234 421 3297 addita
443 3235 594 3314 ridentur,
620 3234 758 3317 „qur'bua
774 3236 876 3294 couno
884 3239 1158 3315 praeceptajcooaa
1174 3234 1390 3296 ouemcaf‘

224 3341 266 3400 At
287 3359 362 3420 pace
384 3336 475 3419 hujnr
495 3340 554 3400 viri
575 3336 723 3399 dixerim:
743 3338 879 3398 Lollium
900 3337 999 3397 lilium
1020 3340 1048 3399 ri
1061 3339 1096 3397 in
1108 3335 1166 3399 hac
1184 3340 1324 3420 Epistola
1339 3360 1390 3400 re-

225 3454 362 3524 pertum,
382 3462 418 3502 ac
436 3463 499 3503 non
516 3462 558 3502 ex
574 3461 610 3501 ea
629 3452 781 3502 remotum
798 3442 960 3519 voluiraet,
986 3461 1050 3502 non
1069 3450 1116 3502 tot
1135 3443 1220 3503 locor
1241 3443 1275 3500 in
1294 3442 1390 3503 alium

225 3564 413 3627 pravumque
434 3544 607 3606 detoraireet
626 3563 760 3607 aeneum.
803 3545 902 3604 Verba
925 3545 989 3622 ejur
1004 3544 1038 3603 in
1052 3564 1157 3605 eorum
1172 3546 1314 3625 gratiam,
1336 3546 1390 3628 qui

225 3649 350 3710 alteriue
360 3649 455 3729 partia
470 3658 699 3725 monterrant,
719 3645 781 3707 huc
800 3648 1067 3708 tranrrcribamua:
1088 3648 1217 3727 „cogite
1230 3649 1391 3709 Horatium

226 3753 388 3833 epietolam
419 3749 460 3810 ad
486 3753 618 3811 amicum
644 3749 723 3832 (rire
743 3770 892 3832 puerum,
922 3752 988 3811 rire
1012 3770 1135 3826 mnam,
1163 3747 1245 3810 nihil
1272 3748 1390 3831 moror)

225 3856 364 3931 miricae,
386 3864 422 3913 nt
446 3874 487 3914 ex
505 3855 631 3915 Homeri
654 3856 837 3915 carminibua
866 3873 971 3915 veram
990 3853 1171 3935 sapientiam
1192 3854 1271 3913 bene
1295 3850 1391 3913 adieci

225 3977 312 4039 poree
333 3954 465 4033 doceret,
485 3955 579 4039 idque
597 3958 703 4019 multir
727 3956 878 4038 exemplie
902 3954 1080 4033 ostendirre,
1102 3953 1214 4015 deinde
1239 3974 1280 4015 ex
1303 3958 1390 4037 cogi-

224 4062 376 4121 tationum
403 4061 613 4139 conjunctione
640 4063 714 4122 ratir
740 4060 860 4139 vulgari
880 4060 1001 4139 iprum,
1023 4078 1102 4142 quae
1127 4058 1165 4119 ab
1180 4060 1313 4119 Homero
1340 4057 1390 4119 di-

223 4162 346 4240 dicerit,
375 4172 523 4245 tanquam
551 4182 592 4222 ex
619 4183 675 4224 rua
701 4182 831 4245 perrona
851 4162 1058 4242 praecepirre,
1086 4171 1154 4221 uun
1180 4161 1267 4242 quari
1288 4162 1390 4224 cubito

223 4268 353 4328 ramerii
372 4286 407 4327 ee
427 4268 523 4327 nimio
546 4262 752 4347 praecipiendi
778 4260 880 4324 studio
902 4264 1061 4344 abreptum
1088 4282 1169 4341 erre,
1193 4264 1264 4325 illor
1284 4284 1390 4327 vereor

223 4367 368 4451 adjecisse
393 4370 503 4451 quibua
523 4369 625 4430 omnia
638 4376 797 4449 praecepta
809 4366 947 4443 tolleret;
969 4377 999 4425 et
1017 4367 1175 4445 ingenium
1191 4368 1391 4429 Horatiannm

225 4478 388 4553 agamede,
410 4483 441 4532 et
464 4472 558 4533 timul
577 4470 728 4553 'epistolae
749 4470 867 4551 primae
891 4479 1028 4531 nonnam
1048 4488 1115 4531 erra
1134 4470 1324 4533 simillimam
1341 4474 1391 4535 vi-
