3450 5334
333 512 615 614 001ῙΜΕΝΤ11111
635 516 676 574 IN
697 515 1281 589 noutTunP1su'.Pum.1.1n.1.
1344 527 1386 591 85

224 683 384 764 generibus
401 681 524 743 ubertus
546 680 626 742 dixit
644 686 801 744 Meierotto
818 689 891 748 iiber
909 689 957 748 die
976 690 1077 750 Sitten
1094 690 1158 753 und
1173 695 1338 757 Lebeusart
1353 697 1384 758 d.

222 787 261 845 lt.
275 789 299 844 1.
313 806 347 866 p.
361 781 502 848 84-37.
519 786 555 846 Si
568 787 634 846 sola
653 789 693 846 Η.
713 789 867 849 intellexit
885 794 1061 871 vectigalia,
1081 796 1232 877 imprimis
1251 802 1385 879 tangitur

223 891 360 971 equitnm
374 885 509 946 studiosa
526 889 658 968 publicis
674 891 830 952 sumendis
851 913 916 952 rem
934 893 1066 954 faciendi
1088 896 1249 975 sedulitas,
1270 905 1383 984 qnippe
1455 891 1460 902 ¹

223 995 275 1073 qui
289 995 323 1050 in
339 992 453 1050 multas
473 995 631 1066 societates
650 992 804 1053 discedere
823 997 957 1056 solerent
973 998 1024 1056 vel
1042 994 1185 1062 decumas
1206 1004 1258 1062 vel
1278 1016 1381 1083 portus

222 1096 271 1153 vel
284 1113 400 1175 pascua
411 1096 534 1174 publica
554 1094 750 1177 redempturi.
775 1097 844 1158 Vid.
864 1098 957 1156 Rein.
972 1100 995 1158 l.
1009 1099 1032 1158 l.
1056 1121 1088 1181 p.
1103 1101 1194 1180 837.‚
1229 1105 1378 1167 Garama,

223 1197 260 1257 ad
277 1199 341 1256 cic.
357 1218 404 1278 pr.
418 1198 524 1256 Planc.
537 1201 671 1275 9-12.,
693 1201 840 1259 utonem
859 1201 996 1281 prolegg.
1011 1201 1045 1261 iu
1067 1202 1130 1265 Cic.
1155 1217 1242 1268 oratt.
1258 1211 1381 1270 Vernl.

221 1301 299 1360 adv.
314 1301 401 1363 451.
414 1321 446 1380 p·
462 1301 555 1376 851,
581 1300 779 1362 Grossntann.
797 1303 834 1362 de
849 1305 1044 1363 Procuratore
1060 1317 1116 1366 etc.
1137 1309 1221 1388 Lipa.
1242 1312 1334 1374 1823.
1348 1333 1379 1392 p.

220 1404 270 1468 34.
292 1403 470 1463 Bmmosn.
491 1401 767 1483 devectig.1>.1t.
790 1409 824 1464 in
844 1407 952 1466 Polen.
974 1404 1071 1467 Thes.
1090 1409 1115 1470 1.
1136 1429 1167 1490 p.
1191 1411 1255 1475 936
1265 1431 1333 1496 sqq.
1350 1423 1381 1473 et

219 1526 295 1587 qnos
308 1504 397 1564 affert
408 1504 508 1563 Beier.
525 1503 565 1563 ad
578 1507 641 1564 Cic.
656 1505 714 1567 0ff.
725 1508 756 1585 3,
768 1509 821 1583 22,
837 1505 891 1571 88.
912 1507 1051 1568 Eandem
1064 1531 1130 1571 rem
1145 1514 1272 1573 strictim
1287 1519 1380 1576 attin-

220 1613 262 1689 git
280 1609 427 1687 Virgilius
443 1605 514 1687 (Ge.
531 1608 573 1682 2,
595 1606 683 1687 502.)
701 1609 822 1668 felicem
835 1608 1030 1689 praedicans,
1052 1617 1106 1693 qui
1125 1616 1294 1696 necserrea
1301 1621 1380 1690 juro

219 1717 427 1792 lunaremque
431 1709 542 1786 sorum
553 1721 610 1766 aut
617 1711 730 1788 poan
740 1710 895 1770 tabularia
912 1713 999 1772 vidit.
1032 1716 1096 1777 cie.
1112 1717 1152 1776 ad
1166 1720 1257 1778 Attio.
1276 1725 1311 1796 1,
1328 1721 1377 1796 17,

218 1822 248 1883 8
267 1818 387 1876 Arum
394 1857 408 1886 ,
429 1814 485 1893 qui
503 1811 541 1870 de
558 1811 734 1871 censoribus
747 1815 972 1889 evomuerant,
997 1819 1095 1896 questi
1109 1799 1180 1878 aunt
1199 1821 1232 1878 in
1249 1821 1378 1895 Senatu,

217 1944 260 1992 se,
276 1918 444 1998 mptdtute
453 1913 628 1992 promptos,
650 1917 779 1974 mmium
792 1937 906 1998 magno
924 1919 1118 1980 conduxisse:
1142 1932 1178 1980 ut
1191 1922 1380 1982 iudroceretar

218 2023 339 2093 tuentio,
356 2017 596 2099 postulaverunt.
624 2017 733 2076 Senec.
746 2018 844 2097 Epist.
859 2020 931 2082 102.
961 2019 1019 2078 Ille
1035 2023 1090 2100 qui
1108 2033 1137 2081 et
1157 2026 1238 2081 niori
1250 2035 1277 2080 et
1299 2037 1378 2084 terra

213 2125 378 2204 peomu'ctm
397 2119 539 2202 agt‘tobat
546 2162 558 2192 ,
585 2119 640 2199 qm·
650 2119 696 2178 ad
702 2116 830 2198 publica
842 2142 962 2202 quoque
968 2166 981 2194 ,
1000 2121 1122 2183 mollum
1137 2125 1308 2204 relinquerat
1327 2130 1376 2186 ιἰι-

217 2239 372 2308 expertum
381 2245 481 2307 gemes
493 2232 650 2303 quaestus,
671 2233 847 2287 accesserat.
875 2221 922 2282 ld·
940 2225 1013 2288 120.

298 2331 335 2390 V.
350 2331 402 2392 78.
425 2327 477 2391 79.
503 2326 584 2384 Sunt
598 2325 652 2403 qui
666 2357 705 2367 -
717 2325 848 2384 mittant.
894 2328 1035 2386 Goeller:
1057 2320 1127 2390 ott*
1143 2323 1258 2408 ἄφενος
1272 2337 1375 2412 χηρῶν

214 2426 323 2514 ,scitote
336 2428 389 2492 eal
402 2427 565 2512 πέμμασιν,
581 2426 613 2488 οἱ
627 2421 661 2489 δὲ
677 2424 833 2506 μέλλοντες
847 2427 977 2492 στέλλειν
990 2428 1034 2503 εἰς
1049 2430 1251 2512 ξενοτροφεῖν,
1268 2433 1375 2516 γέρον-

214 2559 266 2609 τας
273 2525 405 2614 θηρόσ’.
413 2565 453 2580 -
462 2530 557 2592 Aliud
569 2527 789 2588 lucrifaciendi
801 2549 898 2609 genus
912 2551 1017 2590 eorum
1028 2541 1106 2608 erat,
1122 2535 1176 2613 qui
1184 2536 1374 2614 assentando,

213 2639 354 2698 simulata
377 2637 510 2694 amicitia
528 2633 657 2711 aliisque
678 2633 768 2691 malis
795 2633 927 2709 artibus,
961 2643 995 2692 ut
1014 2631 1142 2694 heredes
1164 2639 1373 2718 scriberentur,

213 2741 403 2812 efficiebant3
431 2743 613 2816 quapropter
635 2737 748 2793 Romae
771 2736 850 2793 nulli
877 2737 972 2814 rnejor
997 2756 1089 2817 quam
1112 2739 1185 2799 orbo
1212 2751 1242 2799 et
1264 2744 1373 2802 coelibi

212 2842 311 2904 honor
327 2839 510 2912 habebatur,
534 2835 606 2895 iude
627 2839 719 2895 etiam
741 2838 888 2896 vocabula
910 2849 1113 2915 caplatorum,
1134 2837 1373 2922 heredopetarum

212 2959 242 3006 et
258 2944 293 3006 id
314 2963 411 3024 genus
430 2943 490 3000 alia
512 2942 585 2999 satis
603 2940 784 3018 frequentia.
818 2939 886 3000 vid.
908 2941 1043 2999 Brissou.
1065 2938 1103 2998 de
1116 2943 1204 3008 Verb.
1221 2945 1325 3022 signif.
1341 2967 1371 3007 v.

216 3051 358 3129 cleptore
382 3046 440 3119 Qui
454 3041 534 3102 hanc
549 3052 790 3100 testamentorum
803 3041 1024 3120 captandorum
1044 3053 1140 3100 artem
1154 3043 1371 3123 profiterentur,

211 3173 264 3212 eos
275 3150 376 3210 multo
388 3147 451 3207 sale
463 3146 619 3226 perfricuit
632 3147 725 3206 rone
738 3145 802 3204 Sat.
818 3147 856 3218 2,
877 3144 908 3209 5.
922 3143 997 3224 ibiq.
1011 3143 1122 3204 Heind.
1144 3146 1192 3206 01.
1204 3144 1260 3206 0d.
1274 3150 1304 3223 2,
1320 3151 1371 3224 18,

212 3257 244 3319 5.
262 3249 399 3313 Braunh.
416 3251 517 3309 Plaut.
534 3249 600 3306 Mil.
622 3248 699 3326 glor.
718 3248 753 3322 3,
776 3249 812 3321 1,
837 3245 898 3308 111
914 3265 983 3326 sqq·
1013 3247 1124 3306 Catull.
1141 3249 1199 3326 68,
1226 3252 1287 3315 122
1301 3273 1368 3334 sqq.

210 3359 274 3416 cie.
291 3351 401 3416 Paret.
416 3352 455 3428 5,
470 3353 502 3413 2
532 3349 641 3427 0118,
658 3353 714 3426 19,
727 3351 780 3414 75.
809 3349 890 3408 Plio.
910 3349 949 3406 Η.
968 3349 1004 3407 N·
1019 3343 1070 3411 14·
1085 3355 1369 3431 praeemineret,

210 3461 263 3525 56.
279 3459 312 3533 5,
332 3458 384 3520 18.
398 3456 431 3530 6,
443 3455 496 3518 68.
516 3453 547 3528 8,
570 3455 624 3516 27.
644 3452 674 3528 9,
695 3453 747 3516 89.
769 3456 817 3529 11,
832 3447 884 3512 44.
903 3448 952 3508 ed.
967 3453 1036 3531 Bip.
1051 3454 1123 3513 Jur.
1138 3452 1170 3530 4,
1192 3457 1244 3518 18.
1264 3457 1294 3533 5,
1317 3459 1369 3521 98.

211 3566 284 3628 187.
303 3562 340 3636 6,
360 3560 403 3623 88
422 3576 468 3639 sq.
500 3557 558 3632 10,
578 3557 652 3620 202.
671 3558 728 3630 12,
747 3553 920 3618 93—130.
948 3555 1026 3614 Stat.
1041 3557 1117 3616 silv.
1132 3554 1169 3631 4,
1187 3560 1227 3635 7,
1248 3558 1290 3622 35
1301 3580 1368 3641 sqq.

208 3667 319 3726 Senec.
333 3661 372 3722 de
385 3658 492 3718 Benei.
506 3654 544 3733 4,
564 3658 618 3720 20.
633 3657 671 3731 6,
693 3657 747 3720 88.
780 3657 901 3715 consol.
917 3655 956 3716 ad
969 3658 1062 3716 Marc.
1083 3659 1134 3720 19.
1155 3661 1252 3738 Epist.
1263 3662 1315 3724 68.
1330 3659 1369 3721 de

206 3771 365 3828 Constant.
377 3765 451 3844 Sap.
463 3761 495 3825 5.
509 3762 584 3841 ibiq.
604 3761 689 3839 nipe.
701 3761 782 3818 Plin-
794 3759 893 3838 Epist·
907 3761 938 3835 2,
958 3759 1012 3822 20.
1031 3757 1062 3834 4,
1085 3759 1133 3823 15.
1152 3763 1182 3836 7,
1199 3760 1249 3824 24.
1264 3765 1294 3838 8,
1316 3763 1367 3826 18.

206 3875 286 3934 Tac.
300 3866 426 3943 1113,
438 3865 492 3930 25.
507 3864 558 3938 13,
570 3860 624 3926 42.
635 3861 688 3924 52.
708 3858 759 3936 14,
772 3858 825 3924 40.
845 3862 896 3936 15,
911 3863 963 3924 19.
985 3861 1088 3920 Germ.
1107 3864 1151 3926 20
1166 3864 1254 3944 (ibiq.
1265 3863 1367 3944 lissa.)

204 3978 330 4036 Petron.
349 3967 511 4036 116124.
529 3962 690 4031 125141.
714 3966 869 4023 Ammiau.
888 3967 981 4023 Marc.
1002 3961 1052 4040 14,
1067 3965 1098 4026 6.
1109 3967 1162 4040 28,
1181 3963 1213 4027 4.
1230 3967 1365 4026 Lactant.

204 4084 280 4138 1232.
298 4078 338 4153 5,
359 4077 399 4150 9,
426 4073 477 4136 16.
505 4065 660 4128 Plutarch.
676 4065 714 4125 de
732 4087 834 4126 amore
852 4067 947 4149 prolis
961 4069 1027 4126 Vll.
1042 4088 1073 4146 p.
1094 4067 1168 4130 936.
1188 4068 1223 4125 R.
1240 4067 1365 4129 Lucian.

204 4182 299 4241 lliall.
312 4186 403 4237 mort.
411 4175 518 4249 5-9.,
532 4167 642 4232 (11111.
657 4168 696 4229 ad
706 4172 799 4229 Marc.
809 4173 953 4231 Antonin.
964 4171 995 4246 6,
1007 4169 1058 4232 59.
1066 4189 1097 4249 p.
1110 4166 1195 4244 204,
1211 4165 1365 4232 Schaeler.

204 4282 245 4344 ed
254 4281 418 4343 translatas
433 4279 514 4337 Plio.
529 4277 626 4358 Epist.
640 4295 672 4354 p.
695 4275 792 4334 LXVI
810 4291 858 4353 sq.
878 4307 922 4317 -
941 4270 1099 4351 Ejusmodi
1114 4281 1280 4351 captatores
1295 4293 1365 4334 mn·
1387 4259 1388 4262 ¹

203 4385 340 4447 aesculis
354 4381 454 4442 omnis
467 4380 595 4460 generis,
616 4387 650 4436 ut
662 4377 752 4436 multi
763 4373 899 4434 indicent
913 4374 973 4434 loci
985 4393 1003 4432 a
1021 4374 1108 4434 nobis
1126 4372 1259 4450 indicati,
1279 4374 1365 4436 dele-

203 4489 310 4549 nibant
324 4484 437 4547 otim
455 4484 495 4564 (s.
510 4483 642 4562 virgines
655 4483 799 4559 innuptas
812 4497 838 4538 s.
853 4479 971 4537 maritis
981 4477 1129 4557 privates,
1149 4487 1184 4536 ut
1197 4499 1239 4538 ex
1247 4481 1362 4558 Digest.
1430 4519 1437 4529 -

204 4590 312 4671 probat
330 4585 519 4667 mmmm)
532 4605 645 4646 avarae
658 4585 680 4643 i.
694 4604 723 4644 a.
737 4581 849 4643 talibus
863 4581 952 4641 rebus
966 4581 1016 4640 vel
1028 4575 1179 4641 initiantes
1195 4585 1245 4642 vel
1263 4601 1363 4642 rerum
