3450 5334
258 481 298 546 57
341 479 622 541 (lOllllllEN‘l'ARll
643 483 685 540 IN
705 477 874 539 llORA'l'll
886 475 1200 538 ΕΡῙΒΤ.81100111).
1220 477 1337 536 ΗΒΑ.
1357 469 1420 536 163

258 661 328 710 onte
353 649 441 713 diem.
492 651 577 707 llano
600 651 781 724 formulam,
809 668 869 728 qua
901 648 1084 707 Graecorum
1108 643 1168 728 uod
1193 643 1320 727 ἡμέρας,
1347 644 1421 726 πρὶν

258 751 374 834 ἡμέραν
386 754 555 834 γίγνεσθαι,
580 748 697 834 ὄρθρος
713 753 908 833 exprimitur,
930 769 984 829 pro
999 761 1137 830 suspecta
1156 747 1248 810 habet
1262 755 1420 812 Nollenius

260 858 291 914 in
308 854 464 914 Antibarb.
491 873 520 932 p.
542 853 645 929 1336,
667 853 722 913 sed
743 856 785 912 ita
812 854 905 911 etiam
926 855 998 912 Juv.
1026 854 1056 927 9,
1085 851 1157 917 108.
1172 857 1331 931 proximam
1350 865 1422 912 arata

259 958 338 1016 diem
356 977 453 1035 caupo
467 959 548 1015 sciet.
571 958 652 1014 Plin.
670 956 766 1036 Epist.
784 956 815 1031 9,
833 952 888 1018 40.
933 953 1039 1027 Mod,
1060 955 1121 1012 nisi
1135 955 1218 1034 quod
1237 957 1422 1016 merids'szuus

259 1080 382 1118 somnior
394 1061 545 1130 reimaro,
567 1058 754 1137 modulosque
770 1057 808 1116 de
822 1069 908 1116 noete
923 1057 973 1116 vel
988 1068 1060 1116 ante
1077 1057 1127 1115 vel
1139 1069 1208 1136 port
1227 1059 1307 1117 dcem
1326 1061 1422 1118 ειιοιὶ-

262 1173 320 1220 ιιιν.
365 1163 547 1242 virgilianus
564 1171 666 1220 autem
684 1159 768 1220 locus
789 1163 866 1220 Aen.
885 1157 916 1236 4,
936 1161 1021 1235 697.,
1042 1179 1134 1240 quem
1151 1162 1282 1221 Victoria
1301 1173 1421 1221 auctora

262 1264 311 1323 hio
327 1267 429 1324 attulit
439 1262 608 1338 Hocheder,
629 1265 719 1344 plane
735 1263 826 1321 aliam
840 1261 932 1321 habet
944 1263 1204 1342 significationem,
1227 1263 1265 1322 de
1279 1285 1338 1345 qna
1350 1265 1421 1324 vide

261 1366 359 1426 Haud.
377 1369 468 1427 ’rura
483 1370 508 1426 1.
523 1388 553 1447 p·
568 1365 639 1428 369.
674 1367 709 1422 ln
729 1384 793 1422 rem
807 1365 952 1424 Antonin.
970 1364 1000 1441 5,
1017 1369 1046 1430 1.
1058 1367 1130 1447 ibiq.
1145 1369 1272 1427 casaub.
1289 1390 1319 1448 p.
1331 1365 1421 1431 400.:

266 1475 390 1553 Ορθρον
411 1465 485 1533 ὅταν
508 1465 660 1540 ducimur
677 1465 819 1550 έξεγεέργ,
842 1461 1002 1549 πρόχειρον
1018 1466 1101 1544 ἔστω,
1127 1466 1173 1533 ὅτι
1187 1469 1237 1533 snt
1249 1464 1422 1551 α’νθροέπον

263 1571 350 1656 ἔργον
363 1571 521 1656 ἐγείρομαι
545 1574 618 1630 Ηοε.
636 1568 673 1628 de
687 1589 719 1628 se
736 1571 802 1648 ipso
811 1572 901 1646 prius
915 1581 991 1640 orto,
1007 1571 1106 1652 inquit
1121 1571 1233 1653 (Epist.
1246 1576 1278 1648 2,
1293 1573 1322 1646 1,
1338 1574 1423 1654 112.)

267 1675 336 1734 Sole
346 1674 424 1754 vigil
436 1685 463 1731 rt
476 1673 598 1732 chartas
611 1684 641 1730 et
653 1673 765 1730 scrinia
776 1693 880 1750 posco.
917 1675 1006 1730 Mane
1023 1677 1104 1732 enim
1119 1686 1310 1756 experrectus
1325 1696 1423 1756 usque

264 1777 303 1836 ad
323 1789 460 1858 quartam
477 1775 584 1836 horam
603 1774 713 1834 studiis
732 1777 868 1849 vacabat,
889 1773 951 1833 vid.
975 1776 1075 1833 Bentl.
1101 1775 1139 1835 ad
1163 1780 1227 1837 Sat.
1247 1781 1277 1853 1,
1299 1781 1419 1853 6,126.

264 1891 295 1939 et
309 1881 349 1944 os.
369 1901 398 1938 v.
413 1881 465 1943 30.
479 1911 519 1924 —
533 1877 654 1936 librum.
679 1877 785 1937 Senes.
798 1879 895 1956 Epist.
914 1876 966 1941 85.
993 1877 1098 1935 Otium
1109 1881 1173 1936 sine
1186 1880 1279 1939 ἱὶεννιζι
1290 1902 1368 1939 naara
1381 1893 1425 1939 ert

266 1993 293 2040 et
308 1985 370 2041 vivi
388 1982 517 2040 hominis
538 1979 719 2057 reputemur.
743 1978 790 2039 ld.
812 1981 865 2044 39.
891 1981 983 2038 Samae
1000 1981 1035 2037 in
1048 2001 1158 2039 ηιαιιιιο
1177 1982 1306 2040 iudicem
1320 1983 1424 2060 plu'lo-

264 2084 435 2163 soplrornm.
466 2083 555 2139 Haeo
579 2083 646 2160 ipso
665 2103 712 2142 res
730 2083 896 2162 expergisci
914 2092 942 2140 te
963 2093 1065 2162 rogem
1087 2083 1147 2142 alio
1169 2083 1294 2165 quidem
1315 2103 1423 2161 sensu3

260 2188 304 2245 cf.
318 2189 421 2244 Arntz.
441 2182 479 2242 ad
492 2183 556 2246 Cat.
572 2185 649 2245 Dist.
663 2185 694 2260 3,
715 2187 743 2248 1.
786 2185 918 2244 Observa
932 2203 1023 2242 usum
1032 2187 1198 2264 paniculae
1214 2188 1242 2244 si
1258 2207 1320 2244 non
1337 2197 1425 2245 ante-

265 2285 392 2348 cedente
417 2289 469 2360 nr‘,·
492 2285 568 2344 illud
590 2289 689 2361 enim,
722 2285 804 2368 quod
821 2288 1015 2366 negationem
1036 2288 1217 2368 plerumque
1242 2308 1311 2347 cum
1333 2290 1425 2350 verbo

265 2392 430 2469 conjungit,
453 2390 583 2469 oppositi
597 2391 660 2446 vim
674 2401 774 2469 auget,
795 2388 856 2448 vid.
872 2386 928 2447 Od.
941 2388 972 2464 3,
989 2389 1040 2463 16,
1057 2386 1087 2450 6.
1109 2388 1195 2455 0νὶ(1,
1212 2393 1284 2455 Met.
1305 2392 1337 2469 3,
1351 2395 1425 2457 627.

266 2495 373 2554 Simile
391 2491 464 2573 quid
482 2491 677 2551 observarunt
696 2493 753 2550 viri
772 2491 853 2551 docti
879 2489 918 2550 de
938 2492 1053 2570 graecis
1073 2494 1229 2570 particulis
1245 2495 1274 2557 εέ
1292 2489 1331 2559 οὗ
1351 2506 1381 2554 et
1400 2495 1429 2557 εἰ

267 2589 319 2678 μή,
340 2595 401 2656 vid.
423 2595 520 2676 Lipsii
538 2603 652 2674 quaest.
681 2595 710 2656 1.
736 2594 774 2654 de
791 2593 904 2653 morlor.
928 2615 987 2652 νοιι
1009 2595 1043 2651 io
1066 2614 1134 2653 nov.
1166 2597 1293 2656 Tectam.
1316 2619 1348 2678 p.
1375 2597 1426 2660 26.

266 2699 348 2778 Lips.
364 2698 455 2760 1827.
497 2697 611 2778 siquis
628 2706 731 2755 tamen
745 2699 920 2757 variationis
936 2715 1028 2755 causa
1042 2699 1114 2762 llor.
1129 2699 1173 2757 ita
1185 2703 1339 2781 scripsisse
1354 2721 1429 2760 oon-

265 2797 387 2875 tendat,
418 2801 445 2856 ei
476 2819 539 2858 non
562 2797 652 2856 valde
674 2803 915 2879 repugnaverim,
938 2817 1033 2878 quum
1054 2800 1081 2857 is
1101 2802 1193 2858 etiam
1217 2803 1291 2860 alibi
1314 2805 1429 2861 variata

267 2912 416 2961 stmctura
436 2903 481 2958 uti
502 2901 607 2974 soleat,
628 2910 663 2958 ut
685 2902 749 2960 Sat.
767 2903 795 2976 1,
818 2899 849 2979 4,
864 2903 917 2964 26.
938 2899 1009 2958 Aut
1021 2898 1058 2957 ob
1074 2904 1238 2960 ανανᾱίαπι
1252 2915 1308 2960 ονε
1320 2907 1429 2962 musra

268 3001 429 3062 ombitrone
441 3000 572 3071 laborat,
594 2987 685 3081 quain
703 3005 882 3080 scripturam
897 3022 914 3060 a
930 3005 1040 3060 criticis
1057 3021 1153 3082 paene
1170 3001 1345 3063 derelictam
1359 3009 1430 3063 vin-

270 3105 404 3166 dicatum
422 3105 465 3161 ivi
488 3104 521 3161 in
539 3100 681 3161 Saebodii
698 3102 850 3178 „Archiv“
867 3103 959 3168 1826.
971 3108 1010 3164 Π.
1021 3126 1052 3185 p.
1064 3104 1128 3166 372
1140 3124 1191 3182 ss,
1205 3126 1240 3164 ea
1255 3110 1374 3185 egregie
1390 3128 1431 3166 ex

269 3207 476 3270 similitudinis
504 3207 572 3284 lege
596 3204 732 3264 firmatur
758 3206 823 3266 Sat.
849 3209 879 3282 1,
907 3208 938 3282 6,
963 3208 1035 3270 110.
1077 3209 1142 3266 Hoc
1167 3227 1223 3287 ego
1249 3209 1431 3268 commodius

267 3331 364 3394 quom
376 3321 409 3368 tu
417 3343 456 3354 -
464 3307 664 3387 malueritque
673 3307 744 3366 alais
756 3311 837 3380 νὶνο,
853 3309 935 3391 quod
941 3308 1077 3371 Moluius
1092 3307 1217 3389 (disput.
1230 3311 1268 3371 de
1276 3311 1432 3371 nonnullas

270 3416 344 3474 locis
360 3413 490 3473 Horatii.
508 3412 632 3490 llorpat.
649 3405 758 3493 1832.)
778 3431 936 3491 perperam
949 3415 1176 3493 interpretatur:
1197 3415 1250 3491 „ia
1267 3414 1325 3474 hac
1339 3425 1430 3498 atque

270 3521 302 3576 in
319 3517 425 3576 multis
445 3515 512 3572 aliis
526 3513 615 3572 rebus
632 3515 701 3573 rivo
719 3513 940 3574 commodius.“

354 3621 390 3680 V·
404 3620 457 3682 36.
481 3616 622 3676 Intendes
643 3617 780 3674 animum
794 3617 929 3675 studium
951 3629 1018 3694 eto,
1040 3628 1075 3679 ut
1088 3617 1175 3678 Ovid.
1188 3619 1282 3679 Trist.
1295 3616 1327 3695 4,
1348 3623 1377 3696 1,
1398 3617 1430 3684 4.

272 3743 353 3781 mens
374 3723 490 3778 intento
512 3717 716 3791 umiss51llet.
742 3719 773 3795 6,
802 3718 832 3781 6.
854 3721 993 3778 animmn
1006 3719 1091 3800 sotis
1109 3722 1251 3793 intendit,
1272 3721 1312 3781 ad
1340 3742 1432 3804 quem
1488 3781 1495 3796 ,

270 3827 372 3886 locum
386 3819 542 3884 Sohirach.
557 3821 654 3901 (clav.
670 3838 701 3900 p.
716 3815 805 3905 166.)
821 3825 953 3902 negavit,
967 3821 1049 3904 apud
1063 3825 1163 3882 ullum
1174 3832 1296 3905 poetam
1309 3828 1432 3905 reperiri

271 3926 349 3987 hanc
365 3925 500 4007 phrasin,
521 3922 576 3983 sed
591 3924 704 4003 Gierig.
722 3945 782 3984 non
803 3927 964 4014 immemop
976 3926 1036 3984 fuit
1049 3924 1141 4004 hujus
1157 3929 1227 3986 loci.
1257 3929 1352 3988 Poeta
1362 3939 1432 3988 ante

272 4033 375 4091 oculos
397 4027 539 4087 habuisse
558 4026 678 4086 videtur
697 4027 880 4088 Graecorum
896 4028 1052 4111 προσέχειν
1072 4031 1123 4089 vel
1149 4028 1264 4110 έπέγιιν
1282 4027 1336 4094 τὸν
1355 4035 1434 4095 νοῦν

271 4131 340 4194 τινέ.
362 4132 412 4190 Sic
426 4131 552 4190 Looian.
568 4127 736 4187 Alexandr.
750 4127 782 4192 4.
803 4137 867 4205 τοῖς
883 4131 1031 4213 μεγίστοις
1045 4129 1161 4211 ἐπέχειν
1174 4127 1229 4195 rde
1246 4137 1332 4195 νοῦν.
1349 4135 1429 4193 alud.

274 4245 302 4292 et
315 4231 377 4291 reb.
394 4232 523 4290 horreatis
532 4232 619 4292 Voss.
631 4242 661 4290 et
674 4229 813 4290 Giinther
824 4253 880 4312 per
889 4235 926 4296 ἓν
941 4229 993 4296 ded
1006 4234 1094 4297 δυοῖν
1106 4243 1238 4309 vertunt,
1260 4245 1295 4293 ut
1309 4237 1350 4293 ait
1365 4247 1433 4295 ,tu-

274 4335 359 4396 dium
380 4354 478 4393 rernm
498 4333 710 4408 honestarum
733 4352 828 4414 quum
846 4346 949 4393 autem
967 4338 1039 4395 Hor.
1059 4337 1171 4395 similia
1190 4338 1317 4416 jungere
1339 4339 1435 4399 soleat

276 4435 351 4516 (vid.
374 4457 403 4494 v.
427 4433 503 4515 60.),
525 4437 727 4517 sejungendae
748 4439 847 4518 potius
872 4450 944 4498 sunt
967 4457 1066 4514 voces,
1087 4448 1122 4496 ut
1139 4440 1242 4498 sardio
1256 4442 1317 4500 sint
1335 4442 1434 4501 studia

275 4540 440 4616 literarum,
462 4549 496 4598 ut
515 4541 610 4620 Epist.
625 4544 657 4617 2,
678 4541 708 4616 2,
728 4541 779 4603 82.
795 4551 826 4600 et
842 4560 889 4599 rer
904 4539 1105 4602 homstoevel
1120 4544 1267 4623 sapientia
1286 4545 1363 4624 ipsa,
1384 4547 1435 4604 vel
