3450 5334
348 473 411 538 116
431 478 713 540 commen
733 480 774 538 ΙΝ
794 477 1110 540 nonemttms'r.
1127 478 1423 543 snourtn.1.m.1.
1469 477 1512 544 40

345 647 461 707 uclave
473 657 594 727 pertore
610 645 752 720 turbam,
773 659 805 706 et
825 667 855 712 r.
870 647 942 711 175.
968 647 1152 725 Quorsum
1163 647 1255 722 fidus
1270 647 1383 707 rolleni
1391 651 1514 728 pectoris

345 751 457 809 Nestor
481 749 669 830 &nothoque
687 760 804 829 potens.
829 747 989 831 (Wernsd.
1005 751 1054 810 lv.
1067 769 1098 830 Ρ.
1112 747 1187 814 684.
1209 750 1298 830 688.)
1340 751 1510 812 Luculento

345 851 384 912 de
406 862 535 934 nmque
557 852 670 911 virtute
684 851 858 911 testimonis
877 851 1000 930 collegit
1014 853 1067 911 Vir
1082 851 1136 910 ille
1149 853 1225 914 olim
1238 857 1417 930 Nestoreos,
1438 851 1510 915 chr.

344 955 383 1012 l).
394 953 489 1014 Beck.
501 957 534 1013 in
547 957 670 1034 Progn,
692 953 776 1035 quod
789 953 981 1014 Decennolic
1005 954 1043 1012 V.
1067 954 1216 1014 Friderr'ei
1227 954 1369 1036 Augusti
1382 965 1440 1016 etc.
1458 977 1511 1016 oe-

344 1057 490 1116 lebrendn
513 1055 620 1116 indicit
641 1057 727 1136 Lips.
754 1055 854 1134 1818,
885 1074 1018 1137 quocum
1038 1057 1079 1115 cf.
1095 1059 1193 1137 llgen.
1212 1059 1324 1138 opusc.
1347 1055 1462 1120 Philol.
1485 1064 1511 1120 1.

344 1179 376 1239 p.
394 1159 438 1222 89
455 1179 523 1241 sqq.
546 1159 611 1240 (De
627 1159 754 1218 Nestore
757 1158 937 1239 felicissirne
956 1161 1035 1218 senis
1048 1157 1196 1238 exemplo)
1220 1169 1250 1218 et
1262 1159 1382 1220 Mitsch.
1396 1160 1437 1221 sd
1453 1161 1510 1223 od.

348 1262 376 1336 1,
396 1262 447 1338 15,
460 1265 513 1325 22.
537 1263 615 1339 2,9,
629 1264 680 1326 18.
701 1263 821 1321 Dissen.
839 1259 879 1320 nd
892 1263 964 1322 Tib.
978 1283 1011 1342 p.
1027 1262 1102 1326 899.

433 1367 470 1425 V.
488 1365 539 1430 18.
564 1367 662 1424 Hune
675 1384 762 1423 orror
775 1399 819 1408 -
832 1373 1002 1444 circinoque.
1044 1365 1113 1439 Qui,
1128 1364 1213 1422 velut
1221 1361 1388 1425 Scholiasta
1404 1367 1510 1449 (ἕως,

343 1465 519 1544 Lendinns,
535 1467 715 1542 Ascensius,
735 1468 902 1542 chteros,
923 1467 1122 1546 Doeringius,
1144 1467 1213 1544 elii,
1235 1467 1332 1527 Hunc
1347 1467 1509 1545 significari

344 1570 452 1628 volunt
472 1567 626 1628 Achillem
646 1567 792 1629 Briseidis
810 1587 914 1629 emore
938 1568 1098 1643 allectum,
1119 1587 1182 1627 non
1205 1571 1337 1630 sensisse
1356 1567 1508 1648 ridentur,

344 1670 421 1753 qnid
434 1673 560 1732 Homeri
576 1673 740 1753 interpres,
761 1671 921 1747 Horatim,
939 1671 1119 1751 spectaverit
1137 1667 1273 1752 quidque
1289 1671 1318 1730 ei
1332 1670 1423 1730 luerit
1436 1691 1509 1752 spe-

344 1772 499 1834 ctandum.
542 1777 668 1836 Etenim
686 1793 783 1858 quum
802 1773 860 1833 ise
883 1774 999 1833 ratione
1012 1774 1162 1854 poematis
1174 1773 1326 1832 Homerici
1343 1775 1510 1852 Agamem·

343 1877 418 1937 noni
437 1897 587 1956 umorem,
604 1882 680 1940 irem
703 1875 818 1939 Achilli
833 1873 905 1955 (08.
922 1877 950 1954 1,
970 1877 1000 1951 6,
1017 1875 1048 1938 6.
1070 1875 1134 1934 Set.
1153 1875 1227 1951 1‚7,
1249 1875 1299 1938 11.
1323 1875 1353 1932 A
1378 1877 1414 1935 Ρ.
1432 1879 1508 1957 121)

344 1979 474 2039 tribuere
496 1981 605 2058 vellet,
632 1982 721 2064 qussi
747 1999 803 2040 sne
823 1979 921 2060 ipsius
943 1978 1034 2036 verbo
1060 1977 1213 2056 corrigens
1235 1971 1351 2035 eddidit
1370 1979 1507 2058 qmderrr,

342 2091 379 2140 nt
405 2083 667 2162 Agamemnonem
691 2085 804 2166 pariter
834 2091 927 2163 etque
949 2078 1102 2140 Achillem
1122 2081 1168 2138 irc
1194 2078 1353 2138 incensum
1378 2091 1507 2142 notaret.

343 2186 554 2263 Agamemnon
574 2189 673 2264 enim,
693 2205 790 2269 quum
805 2180 1002 2264 Chryseidem
1020 2179 1138 2264 perdite
1158 2189 1292 2238 amatam
1308 2179 1413 2262 (Hom.
1427 2187 1464 2244 ll.
1480 2189 1508 2265 1,

346 2289 406 2350 111
425 2293 506 2368 sqq.)
528 2286 662 2370 Chrysae
681 2290 761 2369 petri
779 2285 906 2347 reddere
927 2295 1049 2346 oosotus
1069 2293 1164 2359 esset,
1186 2291 1215 2340 et
1233 2283 1279 2340 ire
1295 2293 1326 2343 et
1341 2303 1443 2346 amore
1457 2291 1508 2347 in-

343 2387 516 2450 flammatus
542 2393 653 2471 eripuit
681 2387 797 2449 thilli
821 2385 1006 2463 Briseidem,
1040 2387 1160 2446 virtutis
1188 2388 1369 2465 praemium.
1416 2393 1452 2450 ll.
1478 2397 1508 2469 1,

343 2487 408 2553 818
420 2525 464 2535 -
476 2489 552 2555 847.
576 2495 607 2568 2,
628 2492 702 2556 689.
723 2492 807 2572 Epir.
826 2489 915 2551 llied.
936 2491 1026 2549 llom.
1048 2490 1102 2552 22.
1119 2486 1279 2570 (Wernsd.
1296 2492 1347 2550 IV.
1365 2512 1397 2572 p.
1417 2495 1508 2576 620.)

349 2591 654 2671 Vmeunorrflete'bue
666 2597 732 2667 eJ'rrs
745 2591 953 2673 Myrmidones
958 2634 972 2663 ,
993 2589 1136 2672 reddique
1150 2595 1239 2670 patri
1255 2593 1419 2674 leyse'rdo
1439 2619 1509 2658 oen-

343 2704 419 2752 sent.
473 2695 537 2754 Sed
564 2707 657 2776 negot
676 2695 824 2768 Atrides,
855 2695 1046 2775 Chrysenque
1069 2693 1205 2754 excedere
1228 2699 1335 2756 caseis
1358 2699 1509 2778 Despeoia

339 2799 453 2876 pr'etote
463 2795 575 2872 jubet:
595 2799 688 2878 serus
708 2796 825 2858 ossibus
848 2799 918 2857 imis
940 2799 1058 2858 Haeret
1082 2817 1187 2868 amor,
1216 2801 1387 2881 spernitque
1401 2823 1509 2880 preces

343 2899 491 2960 domooen
509 2898 614 2961 librdo.
629 2901 667 2963 V.
674 2903 728 2966 70.
743 2901 818 2960 Nor.
831 2911 932 2960 tamen
941 2899 1073 2959 Atridae
1094 2897 1263 2978 Oloyseidis
1276 2902 1384 2961 excidis
1395 2905 1505 2966 ordor.-

343 3003 464 3062 Moeret
476 3015 505 3060 er
517 3003 643 3062 amissos
654 3002 793 3084 deoqriree
805 3001 890 3084 inger
902 3022 1029 3062 arrsoree.
1075 3001 1152 3060 Mox
1163 3013 1255 3080 rapta
1270 3023 1419 3086 mgnum
1431 3009 1507 3068 Bri.

343 3104 425 3165 seide
438 3108 544 3184 privat
562 3105 739 3179 Achillem,
763 3105 946 3186 Solaturque
961 3123 1031 3163 soce
1049 3103 1159 3162 alienis
1175 3103 1297 3184 ignibm
1316 3110 1413 3188 ignes.
1459 3113 1506 3172 cf.

342 3205 432 3268 ovid.
450 3210 538 3268 Bem.
559 3211 630 3268 Am.
651 3205 716 3273 467
737 3228 805 3292 sqq·
830 3209 939 3269 Senec.
960 3208 1068 3284 Agem.
1092 3205 1152 3269 175
1174 3225 1241 3288 sqq.
1264 3219 1294 3268 et
1310 3209 1449 3272 Peldem.
1468 3214 1507 3274 sd

341 3312 434 3390 Prop·
450 3331 481 3390 p.
495 3307 570 3374 241.
613 3313 708 3372 Amor
725 3311 834 3390 igitur,
856 3330 918 3392 qno
937 3305 1058 3368 Atrides
1076 3320 1229 3369 exarseret
1245 3311 1278 3369 in
1290 3309 1456 3394 Chryseide
1477 3329 1507 3376 et

342 3409 478 3472 Briseide
495 3414 586 3471 etiem
601 3415 701 3494 prime
712 3431 804 3473 conse
818 3413 877 3470 fuit
887 3413 950 3469 iroe
963 3408 1041 3468 inter
1053 3418 1215 3492 utrumque
1234 3410 1341 3474 ducem
1354 3419 1506 3478 incensae.

343 3518 434 3578 llom.
451 3517 489 3575 ll.
505 3517 534 3591 1,
561 3516 624 3581 180
643 3536 711 3598 sqq.
730 3513 795 3579 348
809 3534 877 3596 sqq.
898 3514 981 3594 Epir.
998 3509 1086 3571 lliod.
1100 3515 1189 3572 Hom.
1203 3516 1235 3578 7.
1256 3517 1412 3594 Corrfiebar
1425 3523 1505 3580 enim

342 3620 455 3678 summi
471 3620 617 3677 renunes
636 3621 736 3700 regie,
756 3617 809 3676 Ex
829 3637 888 3698 qno
908 3613 1096 3676 mordeant
1110 3615 1367 3696 deseordipecrore
1377 3642 1505 3702 pugnos

347 3722 502 3802 Seqotrgrer
517 3720 642 3780 Atrides
659 3733 687 3779 et
700 3719 777 3779 bello
789 3719 892 3778 olorus
905 3717 1056 3778 Achilles.
1106 3719 1182 3796 Quis
1195 3720 1283 3780 Deus
1297 3721 1350 3782 hos
1362 3725 1409 3782 iro
1425 3727 1508 3785 tris&

343 3825 516 3884 contendere
520 3824 641 3900 jussit?
654 3823 740 3885 Ovid.
748 3823 841 3883 Trist.
849 3825 881 3898 2,
895 3821 970 3884 878.
990 3821 1073 3900 Quid
1079 3823 1170 3900 priv-⁹
1178 3832 1221 3880 est
1230 3822 1281 3880 illi
1290 3823 1398 3904 [llicdi]
1405 3828 1507 3904 fleme

343 3947 396 3987 mo
414 3927 611 4008 Cinyrei'dos,
632 3937 725 4007 utque
740 3927 856 3984 Fecerit
867 3927 959 3984 ircim
971 3935 1062 4004 rapto
1069 3924 1180 4002 puetis
1196 3925 1312 3986 drwes?
1332 3929 1455 3991 Heroid.
1475 3932 1507 4009 8,

344 4031 396 4094 89.
417 4033 547 4110 Propter
564 4049 612 4088 me
626 4039 708 4087 mota
721 4040 765 4088 est
777 4028 836 4110 (sio
849 4027 985 4105 Briseis),
995 4039 1121 4107 propter
1134 4047 1182 4086 me
1197 4028 1316 4088 desinat
1332 4033 1400 4092 iro:
1426 4034 1509 4093 Sim-

345 4152 402 4211 que
415 4155 469 4214 ego
489 4134 627 4193 dissime
642 4152 736 4190 causa
757 4132 921 4213 nwdrrsqrre
938 4141 1028 4191 tuoe.
1057 4133 1163 4212 Neque
1184 4129 1352 4194 audiendus
1371 4147 1417 4197 est
1430 4139 1508 4198 Cru-

345 4235 451 4314 quius‚
473 4238 527 4319 qui
546 4237 624 4295 mire
645 4233 777 4319 quodem
793 4235 955 4295 verborum
978 4234 1211 4313 transpositione
1232 4231 1314 4294 huno
1333 4235 1425 4317 hujus
1446 4242 1506 4300 looi

345 4337 485 4415 opinetur
502 4359 567 4400 esse
581 4357 721 4399 sensnm:
746 4339 863 4417 „Amor
882 4347 913 4396 et
928 4337 972 4395 ire
984 4337 1138 4396 communi
1153 4337 1233 4398 molo
1246 4349 1409 4424 utrumque
1424 4340 1507 4403 hunc

344 4442 466 4497 ιιιίιιιῑέί
507 4445 544 4499 ln
561 4440 645 4502 eliud
663 4445 772 4503 vitium
787 4441 913 4502 incumit
930 4439 1113 4498 Sanodonos
1120 4481 1134 4512 ,
1156 4443 1209 4520 qni
1228 4445 1401 4520 Horatium,
1422 4445 1509 4526 quod

344 4535 379 4597 h.
399 4538 423 4596 l.
443 4539 593 4600 Achillem
618 4547 728 4605 emeris
744 4555 901 4626 expertem
924 4539 1003 4600 dicct
1025 4552 1127 4602 contre
1145 4542 1238 4605 fidem
1258 4549 1349 4608 llom.
1370 4546 1458 4609 llind.
1475 4550 1507 4628 9,
