3450 5334
368 516 434 585 890
488 518 772 583 communem
785 520 832 585 IN
844 518 1394 587 HORATssLffl.1.EPIST.sEPT.
1456 524 1521 589 118

367 712 453 771 leude
467 710 564 771 coenis
579 708 753 769 delectatum
766 728 832 769 esse
846 713 924 768 teste
937 707 1064 767 Varrone
1078 708 1115 769 R.
1129 708 1167 770 ll.
1179 708 1211 786 8,
1226 711 1259 789 3,
1272 711 1304 771 9.
1348 712 1396 770 Cs.
1407 710 1519 771 Colum.

366 815 400 894 8,
415 818 466 879 16,
482 847 521 860 -
535 832 626 870 nram
637 812 744 883 etiem,
758 817 791 872 ut
803 830 830 871 r.
846 810 899 873 68.
926 808 1000 868 Hinc
1014 828 1165 889 perperam
1179 811 1379 873 Britannicae
1391 833 1419 874 v.
1433 834 1522 873 nram

367 936 432 977 cum
444 914 535 975 verbo
548 916 593 972 ire
607 914 761 992 conjungit.
798 912 909 971 Confer
924 912 1008 971 etiam
1021 910 1086 970 Juv.
1101 912 1133 989 8,
1150 915 1200 979 20.
1215 914 1375 987 sollicitus,
1389 936 1427 974 ne
1446 918 1522 974 Tota

367 1018 609 1092 mlumcrinjam
621 1014 710 1075 turbo
719 1016 870 1095 peregerit
883 1011 983 1071 orbem
999 1012 1155 1073 Saliaribus
1169 1014 1278 1076 dumbs.
1312 1020 1388 1077 Stat.
1404 1018 1474 1077 silv.
1488 1014 1522 1095 4,

366 1120 407 1199 9,
428 1119 481 1183 48.
528 1118 613 1196 Quid
615 1161 629 1203 ,
652 1119 681 1176 si
701 1138 797 1197 quum
817 1115 889 1175 bene
907 1135 997 1173 nram
1009 1116 1194 1177 semicrudus
1208 1118 1335 1179 Illutam
1349 1119 1406 1179 tibi
1419 1120 1520 1179 ἅίιωυ

367 1223 497 1283 saluum
513 1221 575 1278 -Ρ
601 1218 699 1279 Manu.
726 1218 843 1279 &trum
864 1216 903 1293 5,
923 1217 975 1281 65.
1019 1219 1144 1277 Limina
1159 1222 1346 1299 pervolitans
1368 1240 1522 1300 manuque

364 1346 421 1405 per
433 1325 536 1383 omnib
546 1320 670 1382 verbum
683 1322 777 1381 Mane
788 1320 945 1380 wiomadi
952 1330 1081 1399 portans
1095 1326 1260 1383 eommunia
1273 1326 1397 1383 amicus.
1434 1324 1521 1383 biart.

366 1427 513 1505 2,18,3.
554 1425 648 1485 Mane
660 1424 827 1483 salutatum
842 1426 938 1482 venio.
983 1423 1027 1482 ld.
1044 1429 1072 1499 1,
1087 1425 1140 1501 56,
1156 1428 1184 1488 6.
1199 1421 1231 1501 4,
1246 1427 1278 1502 8,
1294 1428 1323 1488 1.
1365 1424 1521 1485 Praeterea

319 1529 324 1537 '
366 1529 496 1591 homines
515 1530 692 1608 potentiores
712 1529 824 1589 Romae
843 1526 1014 1605 vespertinis
1042 1528 1133 1608 epulis
1160 1530 1316 1589 matutinae
1341 1526 1520 1587 salutationis

367 1634 625 1693 officiumvenatos
639 1650 705 1689 esse
724 1635 855 1705 constat,
877 1630 944 1688 inde
964 1625 1083 1688 Lucian.
1105 1629 1220 1707 Nigrin.
1243 1634 1294 1697 22.
1316 1624 1350 1694 τό
1374 1624 1521 1711 φορτικόν

366 1732 464 1799 dativo
486 1733 613 1795 δεῖπνον
634 1729 687 1793 καλ
706 1736 827 1795 πολλῶν
848 1730 947 1793 cirros
962 1734 1144 1810 συμφορῶν,
1166 1732 1214 1790 ubi
1236 1734 1300 1793 vide
1314 1733 1481 1795 Hemsterb.
1497 1732 1520 1792 l.

366 1856 398 1917 p.
414 1833 486 1902 259.
503 1866 541 1879 -
564 1837 678 1908 etjam.
723 1835 787 1895 Hac
802 1835 945 1914 scriptura
956 1834 1028 1892 mire
1042 1838 1162 1909 augetur
1176 1838 1336 1912 sententia,
1359 1835 1521 1913 languescit

366 1938 459 2000 altera
470 1938 571 1997 auam.
618 1936 838 1995 &renascitur
852 1939 980 1995 conviva
993 1935 1038 1995 vel
1057 1938 1204 2014 „quinon
1218 1937 1306 2015 tellit,
1330 1940 1467 2017 frequens
1489 1942 1522 1995 et

366 2047 524 2123 perpetuus
544 2040 606 2097 tere
627 2040 793 2116 convive,“
811 2046 843 2098 ut
861 2042 901 2098 ait
922 2037 1096 2097 Groebelius
1103 2081 1117 2111 ,
1140 2038 1183 2097 vel
1205 2040 1252 2117 qui
1267 2039 1410 2117 quotidie,
1431 2038 1521 2099 semel

365 2150 507 2219 vocatus,
527 2142 623 2218 veuit,
645 2142 724 2219 quod
743 2162 808 2203 cum
819 2141 945 2201 Docerio
965 2140 1072 2201 mavult
1087 2138 1208 2200 Nodell.
1231 2143 1261 2199 in
1279 2141 1352 2200 Not.
1370 2144 1433 2201 crit.
1447 2162 1473 2200 c.
1489 2136 1519 2202 4.

366 2264 399 2325 p·
412 2242 465 2307 98.
509 2240 642 2318 11ωᾶᾴί
654 2264 738 2303 serm
750 2246 879 2303 conviva
893 2250 956 2322 est,
970 2249 1003 2303 nt
1017 2248 1096 2303 recte
1110 2245 1196 2304 docet
1215 2242 1347 2303 Orellius
1353 2288 1366 2316 ,
1379 2246 1428 2322 qui
1442 2263 1519 2320 sero,

367 2366 454 2425 quum
468 2345 556 2404 ceteri
565 2344 673 2423 jamdiu
686 2346 889 2423 discubuerint,
902 2347 989 2410 venit.
1020 2346 1156 2405 Ceterum
1170 2347 1207 2405 de
1222 2346 1277 2407 boc
1291 2346 1435 2405 bominum
1450 2365 1519 2425 epu-

366 2446 403 2507 lis
416 2448 581 2507 inhiantium
596 2466 701 2523 genere
714 2457 830 2527 praeter
844 2447 991 2507 Gebhard.
1006 2448 1036 2505 in
1051 2448 1196 2525 Crepund.
1210 2452 1240 2525 2,
1258 2448 1306 2512 15.
1322 2449 1437 2527 egregie
1452 2448 1522 2507 dixit

368 2549 567 2607 Burmannus
587 2547 624 2604 ad
640 2546 757 2607 Petron.
771 2549 823 2613 33.
845 2568 876 2628 p.
895 2550 966 2614 132.
1008 2546 1127 2609 Lucisn.
1143 2553 1180 2610 dc
1195 2548 1323 2610 Merced.
1342 2551 1475 2609 conduct.
1488 2550 1519 2612 8.

368 2652 443 2711 tales
464 2649 637 2726 respiciens:
657 2650 791 2713 δειπνεῖν
812 2652 920 2713 δεῖπνα
939 2654 1087 2731 πολυτελῆ
1100 2650 1152 2713 καλ
1168 2646 1335 2734 ἀσύμβολα.
1357 2684 1400 2697 -
1419 2651 1453 2715 V.
1468 2652 1521 2715 76.

369 2754 461 2813 Rura
474 2747 658 2812 suburbano.
700 2752 797 2813 Hicin
813 2772 885 2832 agro
898 2751 1007 2811 Sabino
1021 2751 1172 2811 Ducarius
1185 2754 1307 2833 Philippi
1322 2754 1417 2814 villam
1430 2772 1522 2833 prope

369 2854 505 2917 aaaron
524 2852 608 2913 sitam
626 2852 717 2912 tuisse
736 2854 870 2934 opinatur
889 2859 1044 2936 propterea
1065 2854 1142 2934 quod
1156 2855 1259 2915 Cicero
1277 2855 1317 2915 ibi
1333 2876 1366 2915 se
1380 2863 1522 2916 vasatum

370 2978 453 3035 esse,
479 2966 513 3018 nt
527 2956 647 3016 aliorum
666 2958 854 3035 frequentiam
871 2957 1079 3038 praedolomm
1094 2957 1226 3035 sugeret,
1246 2960 1276 3018 in
1291 2959 1384 3037 Epist.
1404 2963 1443 3019 ed
1459 2960 1520 3019 Ate

372 3066 431 3139 12,
450 3055 502 3123 tlt
522 3057 595 3137 (non
619 3061 679 3134 12,
707 3058 753 3137 9.)
773 3062 929 3139 scripserit.
972 3060 1031 3119 Sed
1051 3064 1172 3138 propter
1189 3056 1423 3137 longinquitatem
1440 3061 1521 3139 hujus

370 3166 427 3225 loci
454 3162 571 3222 dictioni
594 3160 686 3218 Rura
711 3158 834 3221 robore.
864 3164 1063 3223 adversantem
1095 3160 1278 3219 Sanadonue
1304 3162 1397 3221 villam
1428 3180 1521 3241 prope

370 3266 527 3327 Antemnae
547 3267 598 3321 aut
611 3260 762 3324 Collatiam
780 3265 810 3323 in
828 3264 950 3323 confinio
965 3262 1097 3323 Sabiniae
1118 3262 1226 3322 duabus
1246 3264 1357 3323 circiter
1375 3265 1463 3324 leucis
1483 3264 1521 3323 ab

369 3367 465 3430 Roma
482 3366 637 3425 distantem
656 3366 744 3425 tuisse
765 3366 889 3444 conjicit.
930 3364 1050 3435 Neutn',
1076 3370 1109 3423 ut
1128 3384 1181 3444 per
1203 3371 1265 3442 est,
1286 3369 1456 3427 assentimur
1476 3367 1521 3426 id-

371 3489 428 3549 que
447 3469 567 3528 obeam
585 3484 717 3544 causam,
750 3488 786 3528 ne
802 3469 914 3528 incede
932 3487 986 3547 pro
1007 3464 1092 3527 certis
1115 3485 1319 3546 proponamus.
1347 3500 1391 3512 —-
1416 3488 1519 3527 eomes

370 3574 466 3637 Nemo
487 3570 679 3631 Romanorum
698 3568 728 3626 in
752 3568 865 3629 civitate
882 3570 1029 3631 illustrium
1051 3588 1172 3649 peregre
1194 3570 1257 3627 sine
1279 3570 1428 3629 comitibus
1453 3570 1522 3635 ibat.

371 3674 455 3737 Hunc
474 3692 584 3733 morem
600 3670 756 3747 respiciunt
772 3670 867 3749 Epist.
892 3676 922 3749 1,
943 3675 994 3749 17,
1013 3670 1064 3737 62.
1105 3671 1166 3729 Sat.
1190 3673 1220 3748 1,
1239 3671 1271 3748 6,
1295 3672 1367 3736 102.
1402 3668 1521 3731 Lucian.

372 3774 393 3837 l.
411 3774 431 3835 l.
476 3774 540 3833 Alia
565 3771 648 3854 plura
675 3774 899 3851 suppeditabunt
919 3774 1068 3834 Heindorf.
1095 3772 1133 3832 ad
1160 3770 1180 3829 l.
1204 3770 1224 3830 l.
1256 3779 1286 3831 et
1306 3771 1466 3833 Seebodius
1492 3775 1523 3833 in

372 3876 539 3959 „Scholion
559 3896 596 3933 zu
616 3874 654 3945 Q.
672 3874 745 3933 Hor.
767 3876 842 3935 111(ι
883 3876 963 3936 Erat.
981 3874 1061 3937 Hest.
1088 3893 1119 3953 p.
1139 3876 1170 3937 8.
1194 3874 1229 3933 cs.
1252 3872 1355 3935 Loers.
1378 3879 1416 3938 ad
1435 3879 1521 3937 066.

373 3980 467 4041 Trist.
487 3981 518 4054 1,
539 3978 571 4053 5,
589 3976 641 4039 80.
662 4008 707 4023 --
727 3978 848 4035 indam
867 3978 999 4036 Latinis.
1045 3979 1139 4048 Quum
1150 3976 1253 4056 serrae
1273 3978 1424 4051 Latinae,
1448 4000 1522 4059 quae

373 4082 523 4163 quotannis
542 4098 561 4137 a
581 4078 707 4137 Consule
723 4079 939 4159 indicebantur,
967 4078 1107 4158 justitium
1126 4078 1303 4156 quatriduum
1322 4082 1439 4157 darem,
1467 4082 1522 4141 bo-

372 4186 461 4245 mines
479 4182 568 4243 rebus
583 4182 745 4241 forensibus
765 4182 901 4263 implicati
918 4182 1026 4242 otiandi
1046 4199 1132 4241 causa
1148 4200 1196 4239 rus
1214 4180 1293 4240 ibant
1306 4201 1402 4241 secum
1417 4183 1523 4260 ductis,

374 4306 447 4364 qnos
467 4284 584 4358 vellent,
603 4284 764 4342 comitibus.
806 4284 853 4344 De
874 4284 918 4345 his
937 4286 1015 4345 seriis
1035 4284 1073 4344 cf.
1087 4283 1209 4361 Rupert.
1231 4284 1269 4343 ad
1281 4281 1346 4343 Liv.
1362 4285 1394 4359 1,
1414 4279 1468 4359 45,
1489 4286 1521 4348 2.

372 4385 482 4447 Moser.
501 4388 537 4445 ad
559 4385 622 4444 cic.
644 4387 681 4444 de
699 4385 775 4466 Rep.
798 4389 830 4465 1,
844 4386 874 4448 9.
893 4394 923 4447 et
943 4388 980 4447 ad
998 4386 1058 4445 Cic.
1078 4386 1115 4445 de
1135 4385 1230 4447 Divin.
1253 4388 1284 4463 1,
1307 4386 1359 4461 11,
1381 4385 1432 4447 18.
1450 4384 1521 4464 ibiq.

375 4488 472 4547 Giese.
514 4488 624 4565 Bittig.
643 4488 828 4565 Kunstmytb.
851 4493 881 4554 1.
909 4490 993 4549 Curs.
1013 4484 1151 4569 p.147.·

457 4586 493 4644 V.
514 4590 568 4650 77.
612 4588 774 4665 Imposita
791 4591 911 4650 matrab
918 4632 931 4663 ,
953 4611 989 4652 ex
1006 4588 1242 4671 interpretatione
1265 4587 1391 4651 mdiu.-
1422 4589 1523 4667 „cisio
