3450 5334
285 421 349 487 292
405 422 693 487 commun
706 422 752 485 IN
765 420 1319 489 HORATssLffl.1.EP18T.suxT.
1401 422 1443 490 24

283 616 407 694 judicat,
429 633 514 691 quum
534 620 668 691 „sextam
686 612 753 673 dicit
773 614 950 691 nugatricem
971 632 1036 673 esse
1057 614 1093 671 de
1114 611 1326 675 beatitudine.“
1361 614 1449 682 Quod

286 720 361 778 idem
386 718 511 794 disputat
539 717 575 775 de
602 714 785 795 ambiguitate
813 716 893 775 verbi
919 715 1113 790 admirandi,
1143 716 1211 775 nihil
1243 720 1311 795 agit
1355 716 1448 777 Poeta

287 824 362 882 enim
386 820 468 879 animi
489 822 533 879 sui
553 820 622 879 satis
645 819 747 879 evolvit
769 820 966 897 complicatam
984 821 1141 879 notionem.
1183 820 1295 880 Rursus
1319 820 1367 879 alii
1391 821 1448 880 boc

286 923 473 1003 Epistolicum
491 940 594 1000 poema
612 920 731 981 meliore
749 928 907 1001 pensaruut
926 925 1050 1001 trutina,
1071 930 1104 983 ut
1123 918 1288 999 Lundiuua,
1313 926 1358 983 cui
1377 923 1448 983 baec

286 1026 418 1107 Epistola
446 1044 559 1095 aurea,
581 1024 767 1103 Parthenius,
794 1027 837 1083 cui
857 1024 1050 1085 adcubabdia
1061 1069 1074 1098 ,
1097 1025 1284 1104 Torrentius,
1309 1029 1353 1086 cui
1378 1047 1450 1085 aui-

287 1130 353 1189 dita
372 1132 483 1190 dicitur.

370 1230 529 1311 Epistulam
555 1230 630 1289 baud
652 1236 718 1291 ante
739 1250 843 1291 mrum
871 1228 945 1297 729.
976 1233 1111 1310 scn'ptam
1137 1249 1203 1289 esse
1228 1251 1262 1291 ex
1287 1250 1373 1291 versu
1394 1232 1447 1296 26.

286 1356 354 1395 vere
376 1336 498 1413 conjecit
520 1334 686 1391 Massurius
706 1330 821 1410 (Horat.
841 1332 899 1391 Vit.
918 1355 949 1413 p.
963 1333 1066 1413 213.);
1091 1335 1116 1391 si
1137 1335 1200 1411 quis
1221 1334 1379 1391 accuratius
1396 1333 1449 1391 ‹le-

285 1440 359 1499 finiri
384 1439 479 1516 cupiat
501 1436 663 1513 scriptionis
687 1441 817 1515 tempus,
843 1445 964 1516 propter
988 1455 1036 1495 vv.
1060 1440 1091 1499 7.
1114 1436 1167 1498 33.
1190 1431 1327 1501 52-54.
1343 1455 1448 1494 annum

286 1538 360 1605 734.
394 1539 439 1598 vel
463 1538 536 1601 735.
568 1538 678 1617 (Van.)
707 1540 834 1599 dixerim.
887 1540 959 1599 ilde
993 1538 1031 1597 ibi
1060 1545 1207 1599 annotata.
1251 1539 1331 1598 ldern
1361 1540 1450 1598 sentit

291 1641 510 1721 Gmtasendaa,
535 1644 582 1719 qui
606 1642 625 1700 l.
648 1640 668 1698 Ι.
695 1662 726 1720 p.
748 1638 821 1703 474.
865 1639 1025 1721 Epistulam
1046 1643 1085 1700 ad
1105 1661 1210 1700 annum
1224 1640 1297 1704 735.
1318 1644 1448 1702 referen-

285 1751 351 1807 dam
374 1745 542 1814 arbitrum
572 1744 707 1803 dissentit
727 1742 915 1803 Kirclznams
926 1786 937 1815 ,
957 1764 1042 1823 quum
1066 1745 1095 1802 iu
1119 1742 1217 1802 tabula
1245 1744 1373 1804 chronol.
1395 1764 1449 1803 an-

285 1870 352 1909 num
377 1850 450 1913 738.
483 1849 608 1925 scripsit.
657 1846 803 1905 Valartas
826 1854 856 1905 et
882 1844 1064 1927 Dorighello
1091 1864 1155 1905 eam
1174 1865 1250 1905 anno
1272 1848 1345 1910 780.
1373 1850 1447 1906 scri-

286 1958 366 2031 ptam
388 1954 548 2030 opinantur.
593 1949 639 2009 Cs.
671 1949 742 2008 Car.
763 1948 879 2008 Dant.
924 1949 1005 2009 Fast.
1029 1948 1132 2009 Horat.
1154 1971 1185 2029 p.
1208 1946 1282 2016 204.

370 2051 540 2129 Singillatim
572 2054 601 2109 in
629 2049 790 2129 Epistulam
824 2059 934 2111 sextam
962 2054 1076 2111 diversa
1096 2054 1210 2131 quidem
1238 2054 1348 2113 ratione
1369 2073 1450 2112 com-

285 2155 402 2213 mentati
423 2160 491 2214 sunt
514 2154 560 2211 Jo.
581 2152 670 2233 Aug.
694 2151 838 2231 Briegiah
858 2156 889 2211 in
912 2154 1054 2231 Epistola
1081 2154 1128 2213 ad
1148 2156 1319 2213 societatem
1337 2158 1450 2234 priva-

285 2266 350 2315 tam
376 2257 601 2335 Gomngensem
621 2254 730 2313 auidiis
753 2254 986 2314 liumanaribm
1005 2256 1162 2321 addictam
1185 2259 1278 2315 missa
1298 2264 1356 2318 etc.
1390 2259 1450 2317 Co·

285 2360 368 2438 burgi
398 2366 428 2421 et
448 2356 581 2437 Lipsiae,
614 2357 753 2419 sumtibus
781 2356 809 2415 J.
836 2357 872 2416 C.
895 2355 934 2416 D.
955 2358 1070 2419 Sinuer.
1098 2358 1212 2436 1805,
1243 2360 1298 2421 Ga.
1324 2360 1447 2419 Licdov.

285 2463 406 2540 Koenig
431 2464 461 2520 in
491 2460 594 2537 Progr.
624 2459 716 2519 schol.
749 2458 787 2517 de
812 2460 940 2517 Horatii
966 2460 1040 2520 libri
1061 2464 1158 2540 primi
1186 2462 1327 2540 Epistola
1353 2474 1447 2521 serta.

285 2566 365 2625 Utiui
395 2564 487 2629 1826.
522 2562 660 2643 (pertinet
687 2568 798 2622 tantum
828 2563 866 2623 ad
894 2564 1006 2641 priores
1039 2566 1080 2628 16
1111 2565 1243 2643 versus),
1281 2564 1350 2624 Chr.
1373 2566 1451 2625 Bm.

284 2667 373 2744 Aug.
398 2664 528 2725 Groebel
547 2667 576 2723 in
595 2662 696 2743 Progr.
723 2664 814 2724 schol.
831 2668 995 2727 continente
1009 2667 1146 2726 editmnis
1160 2668 1288 2726 Horatii
1299 2688 1321 2724 a
1339 2667 1451 2726 Christ.

286 2770 404 2829 David.
425 2770 502 2827 ,1αηί
529 2771 634 2827 curari
660 2780 780 2847 coeptae
806 2768 1008 2829 absolvendae
1038 2773 1188 2849 specierum
1212 2770 1261 2829 Ill.
1305 2768 1449 2846 Dresdae,

286 2873 360 2949 typis
391 2876 423 2929 C.
445 2872 484 2929 G.
511 2874 663 2933 Gaertneri
688 2872 780 2935 1835.
824 2874 904 2933 Haec
927 2876 1044 2952 scriptio
1072 2894 1129 2933 uua
1157 2874 1322 2951 suppeditat
1342 2870 1451 2930 Poetae

285 2974 391 3051 verba,
423 2993 497 3051 quae
525 2981 636 3034 textum
663 2984 777 3034 vocant.
821 2976 895 3035 Cum
925 2976 968 3035 bis
996 2978 1114 3053 confer,
1144 2994 1217 3054 quae
1243 2976 1281 3034 de
1309 2973 1450 3054 prioribus

285 3096 376 3135 versa.
410 3075 557 3153 eleganter
587 3078 769 3155 disputarunt
798 3079 843 3142 D.
871 3079 990 3139 ludov.
1013 3077 1195 3137 Doederlein
1219 3079 1249 3136 iu
1273 3078 1451 3135 Lectionum

286 3179 532 3237 Horatianarum
553 3179 672 3243 decade.
716 3178 877 3258 Erlangae,
901 3182 977 3259 typis
995 3182 1152 3260 Juugeauis
1176 3180 1268 3245 1828.
1290 3199 1320 3257 p.
1333 3181 1450 3254 8-12,

287 3280 340 3338 D.
368 3279 480 3340 Jacobs
507 3283 537 3339 in
562 3280 754 3358 „Vermischt
781 3281 923 3341 Scbriit.“
947 3282 985 3343 V.
1009 3305 1041 3362 p.
1065 3282 1244 3347 151-161.
1287 3282 1339 3340 His
1363 3282 1452 3355 adde,

286 3402 371 3460 quern
397 3384 493 3443 laudat
513 3383 672 3443 Schmidius
697 3384 736 3441 ad
758 3402 785 3443 v.
810 3387 851 3460 1.,
882 3383 954 3447 oar.
985 3384 1039 3448 W.
1066 3384 1155 3443 Sauli
1178 3379 1280 3455 „tiber
1303 3382 1360 3440 das
1379 3383 1452 3440 Ho-

286 3484 421 3543 raairclre
450 3484 544 3543 Nihil
569 3485 766 3545 admirari.“
814 3485 990 3548 Wiesbadeu
1025 3483 1117 3554 1824.
1141 3496 1171 3548 et
1200 3484 1391 3563 „Vorschlag
1413 3505 1450 3542 nu

287 3590 378 3648 ciuem
399 3586 549 3665 Vergleich
570 3588 711 3648 zaischen
737 3591 801 3649 dem
824 3590 921 3650 Herm
940 3590 1019 3650 Veri.
1042 3591 1095 3651 der
1107 3608 1202 3649 neuen
1221 3585 1296 3645 Bibl.
1319 3607 1355 3645 zu
1368 3584 1453 3645 Halle

286 3689 347 3749 und
368 3689 434 3749 dem
458 3691 610 3770 Inspector
631 3690 798 3763 Heumann3
830 3690 932 3772 wobey
960 3691 1101 3773 negleicb
1132 3692 1190 3749 das
1220 3688 1281 3746 Nil
1305 3688 1454 3747 adarim

290 3791 496 3851 Horauanam
518 3792 632 3849 erkldrt
651 3792 738 3851 wird.
781 3793 1065 3860 Eisenacb1712·“
1107 3794 1141 3853 ln
1156 3793 1279 3873 patrium
1293 3812 1453 3851 samonem

287 3894 451 3971 singillatim
475 3894 683 3955 transtulerunt
714 3895 835 3954 Herder
862 3898 891 3955 iu
924 3896 1066 3956 Adrastea
1090 3895 1121 3973 l,
1151 3899 1181 3960 2.
1209 3916 1241 3973 p-
1268 3892 1452 3969 tut-280,

286 3994 432 4075 Briagleb
454 3998 491 4055 ad
514 3998 619 4055 calcem
649 3996 731 4073 libri,
755 4004 788 4056 ut
812 4000 851 4057 ait
873 3996 893 4057 l.
920 3998 939 4057 l.
961 4020 992 4078 p.
1014 3994 1078 4073 24„
1101 3996 1246 4069 „Selenia
1271 3996 1324 4054 der
1348 3996 1453 4055 Weis-

287 4098 349 4155 lzeit
368 4098 449 4157 nacla
469 4100 626 4177 Epictet.“
683 4099 811 4178 Coburg.
834 4100 927 4163 1805.
971 4101 1097 4177 sunan,
1119 4101 1181 4158 Dr.
1205 4098 1406 4179 Nrimberger
1423 4100 1453 4156 in

287 4198 549 4281 „Freimiithigen“
574 4196 668 4266 1824.
712 4202 768 4261 Nr.
792 4203 864 4269 126.

374 4300 408 4361 V.
426 4305 455 4365 1.
473 4308 502 4369 2.
548 4302 643 4361 Nihil
661 4302 869 4363 admirari-
884 4301 1012 4362 baana
1054 4302 1192 4363 Definitio
1214 4304 1314 4362 summi
1332 4302 1402 4360 boui
1424 4312 1454 4361 et

287 4402 327 4460 ad
348 4403 378 4460 id
392 4406 602 4481 assequendum
615 4408 752 4466 invitatio.
783 4408 848 4476 Qua
869 4406 983 4487 quidem
1003 4408 1033 4468 iu
1049 4424 1081 4464 re
1103 4404 1241 4465 Horatius
1263 4404 1352 4462 utitur
1364 4420 1452 4483 prae-

291 4510 375 4584 cepto
401 4507 524 4581 quodam
549 4508 625 4566 varia
647 4526 734 4587 saepe
760 4510 871 4569 ratione
901 4508 1085 4585 abantiquis
1114 4504 1311 4585 pbilosophis,
1339 4512 1372 4565 ut
1396 4503 1454 4580 Py—
