3450 5334
343 500 406 566 189
427 500 707 564 commun
727 498 769 558 m
790 497 956 557 uonnrll
970 495 1100 556 EPIST.
1119 495 1287 556 sticum).
1306 497 1383 557 nm.
1399 495 1427 556 1.
1470 492 1512 560 bi

344 674 449 734 murae
465 692 550 733 vocer
562 681 680 730 mutas.
727 667 774 728 cf.
797 669 847 726 Fr.
869 668 991 727 Jacobs.
1019 664 1059 724 ad
1080 668 1172 747 Prop.
1193 668 1226 745 2,
1246 667 1300 743 20,
1322 666 1353 731 ὁ.
1378 667 1414 725 in
1434 663 1511 724 Bla-

343 779 439 838 menl.
459 780 500 835 11.
520 797 552 856 p.
575 774 649 838 185.
670 782 701 830 et
721 767 823 830 lland.
843 769 935 830 Tura.
956 772 981 828 l.
1003 789 1033 850 p.
1056 769 1109 833 98.

427 880 462 938 V.
483 877 536 941 32.
555 877 609 941 33.
640 875 736 933 Ut—
749 873 982 953 expergisceris?
1023 875 1125 932 Filum
1154 871 1374 932 sententiarum
1400 869 1511 930 subtile

334 953 503 1061 fdeducitur
523 1000 542 1038 a
567 997 676 1038 somno
696 977 730 1034 iu
752 973 834 1034 diem
855 985 1001 1052 extracto,
1022 974 1055 1035 id
1075 975 1159 1057 quod
1178 979 1306 1036 Potitum
1329 981 1512 1050 commoret,

344 1087 433 1145 utin
454 1081 602 1143 desidium
621 1080 822 1159 inertiamque
843 1076 1014 1138 invehatur.
1056 1082 1092 1138 ln
1119 1077 1177 1140 hac
1197 1089 1301 1138 tamen
1322 1093 1404 1136 nora
1425 1075 1513 1156 quasi

345 1197 574 1268 praeceptorum
594 1192 697 1243 satura
712 1183 800 1240 lance
818 1182 919 1241 Lollio
936 1183 1073 1263 apposita
1086 1185 1263 1256 Homennn,
1285 1177 1368 1260 quod
1385 1177 1513 1238 Gesneri

345 1289 502 1348 annotatio
528 1283 662 1346 iudicare
689 1283 825 1359 ridetur,
853 1303 943 1343 nemo
971 1283 1052 1344 dicet
1074 1303 1116 1343 ex
1137 1285 1233 1344 oculis
1254 1301 1320 1341 esse
1345 1283 1513 1341 sublatum.

327 1413 334 1458 j
346 1392 489 1453 Similem
508 1399 611 1448 eutem
624 1384 854 1468 argumentandi
868 1388 1015 1446 rationem
1035 1385 1130 1446 hebes
1152 1387 1182 1464 1,
1201 1383 1254 1449 45.
1276 1385 1315 1443 cf·
1337 1383 1368 1458 2,
1383 1385 1415 1458 2,
1437 1377 1513 1445 149.

333 1474 392 1552 ΙΙ)ιι
417 1489 585 1549 htronibue
611 1491 662 1548 vel
682 1488 884 1569 praedonibus
911 1489 965 1548 illo
986 1499 1123 1569 tempore
1154 1499 1184 1547 et
1208 1491 1241 1546 iu
1268 1487 1344 1546 urbs
1374 1496 1404 1544 et
1424 1495 1513 1544 extra

347 1597 488 1675 grassatis
517 1591 579 1653 vid.
606 1592 716 1652 Heind.
744 1591 784 1650 ad
805 1593 870 1651 Sat.
892 1593 922 1667 1,
944 1593 975 1667 2,
1000 1589 1052 1657 43.
1080 1601 1111 1650 et
1130 1592 1250 1651 Dissen.
1272 1589 1312 1648 ad
1332 1591 1405 1649 Tib.
1428 1591 1459 1665 1.
1480 1591 1514 1666 2,

346 1701 400 1761 26.
442 1697 577 1758 Verbum
587 1694 764 1774 jugulandi
783 1693 822 1752 de
837 1692 928 1753 caede
946 1692 1159 1774 quovismodo
1174 1702 1344 1774 perpetrata
1361 1689 1433 1767 dici,
1456 1687 1515 1750 do·

346 1812 395 1860 cet
408 1801 593 1860 Graecorum
613 1800 799 1880 ὃειροτομεῖν
820 1815 998 1877 comparans
1012 1795 1153 1856 Gataker.
1167 1798 1199 1854 iu
1211 1794 1290 1854 Adr.
1304 1797 1390 1852 Misc.
1406 1791 1515 1854 Posth.

347 1925 376 1964 c.
397 1902 450 1967 47.
471 1924 502 1983 p·
517 1903 591 1965 913.
613 1912 704 1982 atque
724 1897 810 1958 haud
829 1902 892 1959 scio
914 1920 953 1958 an
974 1903 1140 1960 accuratius
1162 1917 1226 1957 rem
1247 1895 1416 1956 definiverit
1428 1899 1515 1956 Doe-

348 2006 494 2067 derlinius
515 2006 549 2064 in
569 2004 643 2084 Syn.
668 2005 722 2063 ΠΙ.
742 2023 773 2082 p.
797 2003 868 2066 189.
884 2039 923 2052 -
940 2002 977 2061 de
997 2012 1094 2073 noete,
1114 2005 1136 2061 i.
1159 2023 1186 2061 e.
1209 2020 1304 2082 quum
1323 2019 1389 2060 uox
1411 1997 1515 2059 adbuc

347 2120 405 2171 est.
454 2112 500 2167 lta
521 2107 583 2166 cte.
606 2104 645 2166 ad
665 2107 758 2166 Anio.
778 2101 811 2181 4,
838 2106 869 2182 3,
894 2108 921 2169 1.
952 2105 1060 2184 Itaque
1076 2137 1119 2152 -
1133 2107 1165 2164 in
1189 2105 1343 2164 concitum
1366 2103 1403 2160 da
1430 2112 1516 2161 nocte

349 2214 441 2271 verit.
482 2210 586 2270 Aurel.
608 2210 685 2269 Vict.
706 2211 764 2288 Ep.
787 2208 817 2283 9,
839 2207 889 2271 15.
932 2209 1069 2288 Vigilure
1090 2209 1128 2266 de
1149 2218 1243 2266 noete
1288 2203 1415 2265 Erudite
1435 2204 1516 2266 hanc

349 2315 515 2375 formulam
539 2321 715 2392 persecutus
738 2331 837 2390 nuper
866 2321 912 2370 est
932 2308 1070 2368 Hnndius
1090 2310 1123 2366 iu
1146 2310 1238 2369 Tura.
1260 2312 1300 2369 11.
1327 2329 1358 2388 p·
1380 2305 1445 2372 204
1467 2329 1515 2392 sq.

350 2450 393 2461 -
415 2437 477 2474 non
494 2413 727 2494 expergiscere?
747 2415 905 2472 Praevalet
919 2409 969 2472 hic
987 2413 1108 2493 propria
1122 2409 1212 2491 hujus
1225 2414 1310 2473 verbi
1326 2412 1513 2490 significatio,

351 2515 435 2600 quod
460 2535 546 2576 secus
569 2517 670 2574 risum
698 2525 743 2575 est
763 2517 935 2590 nonnullis,
965 2518 1020 2596 qui
1038 2512 1276 2596 metaphoricam
1296 2515 1515 2593 intelligebant.

350 2621 392 2678 At
414 2620 517 2698 agitur
537 2616 576 2677 de
597 2613 780 2694 hominibus,
803 2620 856 2699 qui
883 2618 1052 2678 desidiosae
1073 2622 1152 2678 vitae
1174 2617 1270 2676 dediti
1284 2620 1318 2675 in
1333 2617 1432 2676 hwem
1445 2617 1517 2676 dor·

350 2723 460 2781 meieni.
503 2717 553 2780 Ad
582 2740 647 2778 rem
667 2721 750 2798 facit,
778 2721 861 2804 quod
881 2725 975 2782 Marc.
997 2723 1141 2782 Antonin.
1170 2718 1209 2778 de
1231 2721 1321 2780 rebus
1342 2722 1404 2779 suis
1425 2721 1456 2795 ὃ,
1487 2721 1515 2782 1.

352 2825 501 2905 gmratim
514 2833 729 2902 exsurgentem
744 2844 848 2884 secum
863 2823 1008 2884 disserere
1021 2825 1123 2902 jubet:
1141 2821 1294 2886 ἐπὶτοῦτο
1310 2817 1516 2886 κατασκεύασ-

352 2951 417 3010 pur,
429 2927 482 2990 'iro
496 2926 709 3006 κατακείμενος
722 2933 786 3003 τοῖς
798 2929 994 3011 στρωματίοις
1007 2922 1115 2991 ἑαυτὸν
1128 2925 1255 3000 sidiam
1270 2926 1332 2986 vid.
1346 2928 1391 2986 ibi
1404 2924 1514 2986 Gatak.

352 3052 384 3111 p·
408 3031 479 3095 139.
501 3039 532 3088 et
553 3030 592 3088 cf.
614 3029 644 3106 8,
669 3033 719 3093 12
740 3031 815 3091 ibid.
837 3052 869 3112 p.
889 3027 964 3094 242.

436 3135 472 3194 V.
494 3129 548 3197 34.
572 3133 609 3191 Si
628 3131 711 3192 noles
724 3143 809 3190 -er
828 3134 873 3190 ni.
924 3134 1011 3189 Hunc
1032 3149 1153 3190 versum
1173 3132 1249 3190 mire
1272 3131 1405 3192 turbavit
1421 3135 1518 3192 inter-

353 3245 473 3316 pretum
493 3235 635 3303 sollertia.
678 3237 720 3294 At
741 3237 787 3294 uti
808 3236 887 3292 inter
906 3254 939 3294 se
962 3236 1109 3295 contraria
1131 3245 1202 3293 sunt
1214 3235 1365 3313 jegadare
1383 3233 1519 3296 honum

354 3348 384 3396 et
405 3357 524 3395 servare
543 3359 575 3396 aa
595 3311 715 3417 specum,
731 3359 852 3418 surgere
871 3347 901 3396 et
925 3357 987 3394 non
1008 3339 1185 3416 erpergrbei,
1207 3339 1249 3397 ita
1276 3335 1335 3397 boc
1357 3337 1436 3414 loco,
1458 3357 1519 3419 quo

354 3443 449 3500 Poeta
470 3439 511 3498 ad
530 3441 629 3518 majus
650 3440 855 3522 progreditur,
877 3439 957 3499 nolle
977 3443 1141 3519 expergrbei
1160 3451 1191 3498 et
1211 3459 1341 3512 emere,
1362 3443 1383 3500 i.
1406 3463 1435 3501 e.
1461 3461 1518 3500 ex-

353 3544 485 3622 pergisci
504 3541 618 3602 debere.
664 3546 762 3616 Quare
778 3543 920 3624 equidem
934 3547 1090 3618 rationem,
1113 3562 1173 3625 qua
1191 3545 1357 3602 sententiae
1377 3563 1444 3603 sese
1460 3563 1518 3602 sx-

356 3647 481 3725 cipiunt,
503 3655 602 3704 statuo
624 3642 747 3706 hancce.
791 3647 862 3724 „Ad
884 3667 950 3706 rem
969 3647 1084 3705 malam
1104 3646 1179 3703 mali
1192 3643 1329 3705 homiues
1351 3645 1465 3706 alacres
1487 3656 1520 3705 et

355 3747 490 3828 prompti
511 3758 592 3824 snut,
614 3759 645 3808 et
665 3760 700 3809 tu
720 3752 753 3809 in
774 3748 921 3811 servanda
942 3761 994 3808 tua
1015 3749 1112 3808 salute
1125 3749 1284 3827 negligens
1299 3771 1364 3810 esse
1384 3751 1440 3826 vis,
1462 3747 1520 3809 de-

356 3849 456 3910 dendo
478 3861 509 3910 te
530 3853 747 3911 somnolentiae
768 3863 798 3912 et
818 3850 966 3911 inertinel
1000 3853 1045 3911 Ac
1058 3852 1126 3926 uisi,
1151 3850 1225 3909 dum
1238 3872 1330 3912 sanus
1344 3873 1387 3929 es,
1408 3873 1523 3912 munus

356 3955 530 4034 vigiliarum
558 3964 589 4013 et
616 3955 727 4015 laboris
756 3957 937 4036 susceperis,
967 3965 1048 4014 certo
1076 3953 1108 4013 id
1137 3955 1364 4034 suscipiendum
1385 3956 1443 4015 tibi
1465 3956 1525 4016 erit

356 4059 469 4134 majore
501 4059 710 4136 incommodo,
742 4077 838 4139 quum
857 4067 999 4118 veternus
1019 4067 1050 4114 et
1070 4055 1186 4116 desidia
1205 4067 1236 4115 te
1256 4058 1385 4117 feceriut
1405 4055 1523 4140 hydro-

349 4142 491 4240 ¹picuru.“
534 4163 688 4235 Quumin
708 4162 799 4220 verbo
817 4159 1052 4239 expergmeendi,
1073 4161 1119 4220 uti
1139 4179 1242 4220 versus
1255 4160 1298 4224 85
1321 4169 1352 4220 et
1373 4161 1428 4225 36·
1449 4161 1524 4222 sutis

358 4262 520 4342 declarant,
543 4269 642 4326 omnis
663 4268 707 4326 rei
729 4261 817 4323 cardo
838 4272 980 4338 vertatur,
999 4281 1102 4320 eorum
1123 4263 1271 4320 refellitur
1292 4265 1378 4338 ratio,
1401 4266 1523 4344 quinti

358 4367 522 4444 Bentlejus,
544 4370 739 4445 Doeringius,
763 4366 815 4424 alii
835 4365 990 4425 notionem
1012 4365 1153 4422 currendi
1180 4377 1248 4445 post
1268 4385 1335 4424 voc.
1357 4387 1451 4424 aarum
1471 4367 1524 4424 in-

358 4467 457 4543 telligi
476 4471 603 4546 malunt,
626 4468 709 4551 quod
725 4487 901 4550 quanquam
921 4487 975 4548 per
996 4451 1118 4547 liuguae
1138 4469 1239 4548 legem
1253 4467 1318 4528 fieri
1337 4477 1447 4548 potest,
1470 4465 1524 4528 lric

359 4571 575 4628 sententiarum
597 4575 658 4630 vim
679 4572 830 4652 pervertit.
873 4573 923 4630 Ex
950 4579 1050 4630 nostra
1071 4580 1173 4629 autem
1193 4571 1450 4652 interpretatione,
1474 4573 1525 4632 cui
