3450 5334
552 1502 1195 1623 commutandam

853 1743 896 1798 nt

430 1926 663 1998 Honori!
688 1922 1012 1998 urlsuoulm
1039 1918 1309 2011 purarum

768 2153 913 2236 nlla.
965 2153 1006 2232 1.

299 2644 400 2733 Haec
418 2668 550 2751 Epistola
568 2672 705 2751 usurpa
726 2680 770 2733 ost
792 2671 926 2751 riuulo,
954 2673 1108 2733 seersum
1135 2676 1224 2748 atqu
1250 2669 1458 2749 elegantissimo

300 2774 452 2854 elegiarum
463 2772 595 2851 scriptori
607 2778 637 2833 et
649 2774 771 2834 Horatio
785 2774 963 2834 amicissimo.
998 2776 1057 2836 Od.
1073 2777 1108 2853 1,
1124 2775 1175 2839 8&
1219 2776 1277 2845 Qui
1293 2792 1378 2851 quum
1391 2788 1458 2829 suas

300 2878 436 2937 edidisset
455 2876 565 2935 Satires
587 2875 746 2955 multosque
769 2883 902 2957 expertus
927 2884 1004 2936 esset
1018 2878 1118 2937 trorum
1132 2895 1294 2936 sermonum
1307 2871 1459 2933 malevolos

297 2980 424 3057 judices,
446 2978 483 3037 ab
498 2978 552 3037 laon
573 2977 658 3056 vulgo
679 2980 838 3039 criticorum
857 2979 900 3038 ita
920 2980 1050 3039 discessit
1073 2981 1135 3038 sine
1151 2979 1237 3037 dubio
1258 2976 1407 3052 Tibullus,
1428 2979 1460 3031 ut

300 3081 443 3157 integrum
462 3080 538 3158 apud
563 3080 666 3141 amicos
682 3081 817 3159 judicium
836 3082 873 3140 de
892 3081 993 3139 iisdem
1019 3082 1126 3141 feeerit.
1169 3082 1235 3151 Qua
1248 3079 1363 3157 quidem
1376 3097 1408 3136 re
1420 3079 1462 3135 ita

301 3200 333 3241 se
353 3180 527 3239 obstrictum·
539 3179 661 3241 oandido
672 3183 759 3261 judici
778 3184 870 3243 sensit
881 3184 1036 3261 Horatius,
1054 3189 1088 3241 ut
1106 3184 1228 3241 eundem
1241 3180 1296 3239 boo
1309 3180 1462 3240 honoritioo

302 3280 382 3359 qnasi
397 3282 510 3341 nomine
524 3290 638 3343 ornaret
652 3290 739 3361 atque
752 3284 927 3344 honestaret.
973 3285 1028 3343 Cui
1042 3284 1198 3345 laudationi
1213 3283 1294 3359 quasi
1308 3282 1365 3342 alia
1378 3299 1463 3359 agere

303 3384 379 3441 visus
393 3382 504 3460 subjicit
518 3387 777 3464 percontationem,
799 3388 867 3464 quid
887 3386 1039 3445 meditetur
1053 3385 1184 3445 Tibullus
1200 3385 1230 3443 in
1250 3402 1364 3443 seoessn
1378 3382 1462 3442 rusti-

304 3502 395 3561 cano,
421 3490 515 3545 ulnam
531 3494 665 3564 poemata
677 3488 799 3567 scribat,
821 3509 858 3549 an
871 3490 1030 3568 sapientem
1043 3494 1129 3566 agat,
1150 3489 1238 3563 idque
1261 3494 1354 3565 reete,
1375 3504 1462 3562 quum

303 3585 330 3645 ei
343 3589 456 3662 praeter
468 3589 612 3666 ingenium
626 3589 808 3669 corporisque
820 3592 940 3651 formam
954 3591 1030 3651 bona
1043 3590 1138 3650 omnia
1151 3590 1210 3649 sint
1226 3589 1264 3648 ad
1282 3587 1397 3646 hilarem
1419 3586 1461 3643 ri-

304 3692 352 3747 tae
373 3704 455 3746 usum
477 3692 698 3751 accommodato.
740 3690 780 3751 Et
802 3698 835 3751 nt
853 3694 888 3752 iis
912 3694 1057 3772 sapienter
1075 3692 1203 3769 fruatur,
1225 3690 1343 3749 amintam
1356 3687 1463 3769 perlau-

304 3788 425 3847 maniter
445 3790 580 3851 admonet
598 3799 684 3871 poeta
705 3792 866 3853 Venusinus
885 3796 1034 3875 proposita
1054 3795 1154 3853 mortis
1167 3794 1357 3872 cogitatione,
1378 3808 1464 3868 qnam

307 3890 437 3969 quidem,
455 3894 498 3951 uti
511 3893 600 3971 solet,
621 3896 663 3955 ita
675 3896 831 3975 signifieat,
851 3901 885 3956 ut
899 3898 990 3956 omnis
1010 3898 1093 3975 hujus
1105 3897 1146 3955 rei
1160 3896 1276 3956 tristib'a
1290 3894 1366 3954 absit
1378 3900 1467 3970 atque

265 4066 277 4095 ἱ
308 3991 428 4072 epistola
442 3994 505 4072 ipsa
519 3997 611 4055 faceto
625 3998 748 4074 quodam
757 4000 871 4078 jocandi
889 4018 993 4078 genere
1012 3999 1135 4059 liniatur.

392 4092 503 4163 Quodsi
516 4092 631 4173 elegans
645 4097 699 4158 hoc
711 4098 872 4179 epistolium
885 4106 962 4159 recte
984 4100 1027 4159 ait
1040 4100 1156 4159 Ζείἱίιω
1175 4097 1365 4157 commendari
1384 4112 1468 4174 prae·

308 4194 405 4253 sertim
427 4195 479 4256 boc
497 4198 626 4276 nomine,
646 4202 724 4278 quod
743 4202 844 4261 summi
868 4201 1022 4280 elegiarum
1034 4202 1180 4281 scriptoris
1192 4198 1339 4277 ingenium
1351 4207 1382 4257 et
1394 4197 1468 4255 ritae

309 4296 433 4356 oonditio
448 4302 506 4357 tarn
519 4298 593 4359 belle
605 4300 643 4359 ibi
658 4303 848 4381 signifioetur,
862 4304 956 4363 nescio
970 4310 1082 4380 umen,
1095 4304 1238 4379 quomodo
1259 4301 1370 4377 aliquot
1381 4298 1469 4355 iuter·

310 4400 405 4477 preter
425 4398 531 4480 inipso
550 4404 980 4483 videant„aerumnosissirnam
1003 4410 1127 4483 sortem,
1152 4424 1210 4481 qua
1229 4401 1362 4463 Tibullus
1382 4416 1469 4476 quum

310 4497 429 4557 maxime
442 4504 619 4565 conflictatus
632 4507 688 4583 sit,
710 4513 742 4567 ut
755 4508 894 4568 Horatius
908 4508 998 4567 amieo
1012 4512 1089 4567 tecte
1108 4508 1248 4583 suadeat,
1265 4510 1299 4563 ut
1322 4508 1372 4562 aut
1390 4500 1470 4579 legat
