3450 5334
355 555 394 602 π
792 532 1100 599 ΙΙΔΠΔΤΙΟ.

356 731 911 832 nepenthedit’neonoedisoiet,
936 731 1532 824 eunpetinusqunerieinsim.

358 876 449 944 Nn
476 873 560 944 ntis
586 871 683 959 tuj-
711 869 1052 962 editionisitaiert,
1085 872 1533 960 unuquisque-ostru-

360 1009 539 1084 unnei
563 1007 675 1100 piures
699 1006 1083 1100 Epnnnstuntetlns
1109 1007 1535 1081 eoileetaseteritieiset

360 1147 564 1242 exegeticis,
596 1167 677 1236 qnos
700 1153 838 1238 roennt,
871 1143 1108 1214 mennon
1132 1141 1176 1209 ad
1199 1165 1298 1211 uam
1325 1145 1534 1238 eandemque

362 1287 523 1358 mione·
540 1283 726 1372 conpositis
740 1281 894 1352 illmtret.
919 1278 992 1352 set
1006 1299 1091 1370 qnae
1105 1281 1149 1347 sit
1161 1279 1260 1367 tnjm
1276 1279 1430 1350 editionis
1442 1287 1533 1354 ratio

361 1445 405 1494 ne
427 1421 554 1511 tom,
578 1419 722 1486 breviter
739 1417 908 1487 dicendum
927 1425 992 1486 est.
1042 1416 1190 1486 Orationi
1203 1425 1380 1487 contextae
1400 1443 1424 1488 a
1447 1445 1534 1492 eor-

363 1559 568 1654 nptetnrun
588 1553 737 1624 sordibus
755 1578 850 1646 qnam
871 1557 1012 1623 mxime
1030 1563 1192 1647 purgatae
1210 1559 1420 1650 subjicietur,
1445 1563 1533 1628 utin

363 1701 432 1770 hoe
444 1697 548 1790 primo
564 1689 718 1762 sneienlo
733 1701 784 1761 est
796 1693 935 1786 suetum,
960 1696 1053 1762 varia
1063 1695 1219 1766 librorum
1238 1706 1273 1766 et
1284 1699 1533 1789 manmcripto-

366 1857 441 1910 rum
459 1843 495 1904 et
514 1833 605 1924 typis
624 1829 857 1922 descriptorum
875 1853 936 1901 suo
955 1832 1029 1901 loeo
1049 1831 1222 1924 dignorum
1235 1837 1410 1926 seriptura-
1461 1835 1534 1928 Ee,

366 1993 452 2070 quse
464 1970 506 2040 sd
521 1971 617 2040 erisin
629 1969 760 2062 proprie
774 1975 941 2060 speetant,
965 1967 1103 2036 eundem
1120 1971 1163 2037 ibi
1179 1970 1301 2040 habent
1318 1979 1354 2039 et
1366 1971 1536 2043 habebunt

367 2115 497 2202 torum,
524 2127 606 2199 qnae
620 2107 915 2198 interpretationem
933 2107 1036 2197 ipsam
1047 2109 1194 2200 variant,
1218 2109 1275 2175 vel
1295 2112 1534 2181 accuratiorem

368 2253 413 2322 de
427 2266 577 2318 sermone
589 2245 691 2314 lntino
705 2245 842 2336 exigunt
855 2244 1086 2334 quaestionem,
1112 2253 1187 2334 post
1200 2246 1335 2314 latinum
1346 2249 1536 2340 exemplum

369 2387 615 2460 exhibebuntur.
648 2377 721 2466 Qua
738 2382 770 2447 in
793 2398 830 2448 re
853 2379 887 2447 id
905 2383 1035 2470 assequi
1055 2380 1238 2476 studemus,
1263 2392 1301 2452 ut
1322 2386 1371 2476 is,
1396 2388 1449 2475 qui
1469 2387 1537 2457 hnc

371 2525 515 2598 editione
534 2519 614 2589 velit
641 2519 705 2609 oti,
731 2516 900 2586 historiam
919 2519 1010 2606 quasi
1031 2525 1159 2612 textus,
1188 2541 1282 2610 quem
1301 2529 1441 2614 vocant,
1467 2548 1536 2595 uno

372 2665 485 2736 obtutu
515 2655 699 2749 perspiciet.
752 2653 789 2721 in
817 2657 1050 2723 commentariis
1074 2657 1153 2748 ipsis
1179 2664 1255 2747 post
1280 2659 1382 2727 verbs
1407 2659 1536 2732 Poetae

373 2799 486 2894 positis
506 2797 552 2865 ite
569 2793 787 2880 versabimur,
812 2795 930 2860 utnon
950 2791 1046 2861 modo
1063 2795 1173 2862 varias
1194 2797 1406 2887 interpretum
1424 2801 1535 2868 inter-

373 2935 573 3031 pretationes
593 2947 889 3018 commemoremus,
909 2948 1022 2997 verum
1041 2931 1139 3000 etiam
1157 2940 1269 3002 nostro
1291 2939 1348 3002 aut
1367 2938 1534 3026 approbe-

373 3095 445 3148 mus
463 3077 517 3142 eut
529 3067 742 3159 improbemus
757 3063 893 3155 Judieio.
919 3064 1015 3152 Quod
1036 3068 1152 3138 attinet
1170 3067 1213 3136 ad
1232 3089 1301 3137 rem
1314 3073 1469 3164 triticam,
1491 3075 1535 3143 ad

374 3230 488 3286 monus
509 3212 584 3276 sont
606 3210 640 3275 et
658 3201 818 3272 editiones
836 3204 1030 3273 veterrimae
1050 3213 1083 3275 et
1101 3206 1293 3276 collationes
1312 3208 1458 3278 codicum
1477 3222 1536 3283 out

374 3347 516 3424 nondum
538 3348 595 3412 sut
618 3341 721 3410 minus
742 3347 891 3410 aeeurote
910 3342 944 3409 in
965 3341 1187 3433 Epistularum
1210 3367 1304 3414 usum
1329 3347 1534 3419 collatorum.

369 3485 487 3563 meum
514 3482 613 3576 igitur
630 3497 705 3548 esse
726 3476 828 3571 duee,
859 3478 1046 3568 adjumenta
1064 3482 1212 3551 literaria
1232 3489 1329 3573 utque
1347 3487 1535 3581 praesidis,

374 3629 408 3698 in
427 3625 490 3694 lue
510 3620 631 3716 primae
642 3615 815 3709 ttptstolse
836 3616 977 3687 editione
996 3641 1017 3687 a
1034 3639 1086 3690 me
1106 3618 1248 3689 adhibita
1265 3626 1362 3711 atque
1382 3621 1536 3717 deinteps

376 3765 417 3836 ub
448 3769 582 3852 utroque
616 3755 740 3827 editore
770 3755 853 3825 ie.
887 3760 999 3826 meet
1027 3755 1089 3825 Te.
1121 3754 1314 3826 Scirmidio
1341 3758 1535 3855 sdhrtendn,

376 3901 487 3998 puoch
501 3895 694 3968 describere.
722 3892 846 3980 Quodsi
865 3893 919 3964 hie
936 3895 1003 3964 illie
1020 3896 1168 3965 oratione
1185 3895 1317 3988 longius
1337 3919 1536 3990 progressus

378 4059 453 4110 esse
466 4035 620 4128 videbor,
643 4037 695 4102 est
708 4031 793 4122 qnod
806 4051 953 4126 sperem,
974 4031 1047 4105 fore
1060 4042 1096 4103 nt
1108 4035 1180 4126 ipss
1191 4055 1246 4105 res
1260 4034 1408 4104 literaria
1418 4057 1536 4108 acees-

377 4177 520 4250 sionibus
538 4167 723 4266 quibusdum
745 4176 916 4264 augeatur.

388 4323 393 4332 “
478 4307 522 4405 ι)
542 4311 685 4382 Primum
705 4310 739 4378 in
757 4329 889 4378 sensum
906 4307 1041 4376 veniunt
1062 4314 1140 4376 tres
1159 4307 1207 4376 ilii
1229 4303 1375 4374 codices
1389 4303 1537 4379 Desso-

379 4449 534 4538 vieoses,
564 4449 737 4541 dequibus
760 4447 904 4516 breviter
929 4443 1081 4538 quidem,
1106 4443 1166 4514 sed
1188 4443 1312 4514 erudite
1337 4445 1373 4512 in
1400 4443 1538 4516 Archiv.

383 4588 536 4662 trono.
550 4583 739 4682 ιιιιιιις.
765 4580 978 4677 nopslsss.
991 4581 1035 4652 ιι
1051 4582 1086 4651 2.
1101 4579 1350 4677 pers-eso
1363 4581 1541 4676 ιιψιιιιιι
1582 4619 1590 4643 .
