3450 5334
213 532 278 619 iet,
440 528 648 594 nxctmsus
667 527 922 592 nxnunmcus
944 527 998 591 nn
1019 528 1054 591 v.
1076 530 1129 593 79.
1300 525 1364 593 407

210 722 247 785 ll.
273 718 392 799 Tem),
426 719 547 795 sentiet,
581 734 655 777 nnnc
675 716 787 778 demmn
810 717 899 777 finitis
925 714 1133 777 commentariis
1158 718 1287 797 cognovi.
1330 720 1364 779 ln

214 832 297 887 sexte
315 841 408 903 prope
428 822 514 882 abest
531 839 550 881 n
570 838 639 880 vero
661 820 696 900 (1.
716 840 748 901 p.
769 820 833 883 568
848 818 924 899 sq.),
960 819 991 877 in
1006 820 1129 901 septime
1148 838 1259 881 mecum
1274 822 1364 882 sentit

221 948 243 987 n
262 926 390 1009 plurimis
411 921 460 1005 (ΙΙ.
482 944 512 1003 p.
536 925 578 989 32
597 920 673 1000 sq.);
707 922 895 984 dissensionis
916 927 1011 983 autem
1032 941 1134 983 censae
1154 930 1214 985 tem
1232 924 1290 983 lete
1310 942 1363 1005 pn-

211 1036 293 1106 tent,
328 1034 361 1087 nt
381 1026 427 1085 hie
447 1026 569 1085 stuictim
588 1024 694 1101 attingi
713 1030 866 1103 nequeunt.
909 1024 989 1086 Illam
1008 1024 1144 1106 scriptam
1161 1028 1293 1105 opinatur
1312 1028 1364 1087 Vir

210 1130 397 1191 doctissimus
420 1148 448 1187 a.
465 1148 494 1190 n.
515 1129 609 1202 730„
635 1125 708 1185 hane
726 1144 753 1190 n.
774 1146 803 1185 n.
822 1127 896 1190 731.
917 1127 1025 1205 etita,
1046 1134 1096 1205 ut,
1119 1130 1198 1207 qnod
1222 1129 1364 1189 sanato.

210 1255 271 1293 nus
292 1233 394 1307 sensit,
417 1229 549 1310 Epistola
560 1228 623 1289 XV.
637 1230 716 1308 puier
738 1228 787 1288 sit.
828 1227 876 1288 De
892 1228 977 1289 rebus
997 1232 1113 1309 reliquis
1134 1232 1260 1293 dicemus
1280 1232 1362 1293 nlius.

210 1334 258 1397 De
285 1334 408 1413 septima
434 1333 464 1391 in
485 1332 650 1391 universum
670 1332 779 1391 diserta
799 1330 941 1391 brevitate
961 1332 1032 1392 dixit
1053 1329 1180 1391 carata
1200 1334 1364 1394 Paesovius

210 1440 242 1497 in
261 1438 344 1497 Nom
357 1434 441 1511 239„
462 1434 510 1514 qui
530 1433 635 1493 ibidem
654 1450 768 1493 versum
780 1433 844 1507 38„
866 1434 945 1509 qnod
965 1434 1009 1493 hic
1030 1436 1192 1497 addendum
1212 1442 1269 1516 est,
1289 1437 1365 1499 bene

210 1537 371 1599 illustnnvit.
415 1536 520 1614 Neque
542 1535 674 1594 conferre
690 1534 801 1612 pigebit
812 1531 986 1595 Ltbternm
1002 1538 1038 1597 ud
1057 1539 1114 1600 Od.
1128 1538 1160 1616 3,
1183 1542 1232 1605 16.
1249 1561 1279 1620 p.
1289 1518 1374 1603 463?

212 1645 243 1702 et
264 1643 301 1700 ed
322 1642 361 1717 8,
384 1637 435 1704 29.
454 1658 485 1717 p.
507 1636 579 1703 525.
622 1636 716 1697 Mults
736 1656 868 1715 qnoque,
890 1656 963 1715 quae
983 1639 1029 1700 hic
1051 1640 1158 1701 faciunt
1178 1642 1216 1700 ed
1235 1660 1312 1719 rem,
1332 1642 1363 1701 in

211 1741 406 1801 describendis
427 1739 538 1799 Horatii
555 1738 683 1799 moribus
705 1738 777 1797 scite
798 1738 968 1816 significavit
986 1743 1074 1802 Guil.
1090 1744 1223 1803 Monich.
1241 1746 1270 1803 in
1288 1745 1363 1805 libro

210 1842 374 1922 nuperrime
394 1843 486 1901 edito:
507 1840 592 1919 „Die
612 1838 799 1898 Ramnete
818 1840 905 1919 lyra
926 1844 956 1903 in
978 1844 1055 1905 ihren
1076 1844 1363 1925 Eigenthiimlichkeit

210 1946 270 2004 und
288 1944 464 2024 integritit“
478 1950 534 2005 etc.
576 1943 685 2019 Berlin,
706 1942 890 2023 Veriugvon
908 1946 946 2009 G.
964 1946 1201 2030 Gropius1841·
1222 1972 1253 2033 p.
1262 1954 1302 2019 12
1314 1969 1361 2031 sq.

620 2262 629 2298 ¹
660 2276 928 2415 υκινξξιειτγ

655 2424 921 2511 κῖᾼιψηῑβῗ·

686 2622 888 2635 --————·h

506 4214 646 4274 ιΙΡῦΙΔΕ,
672 4214 762 4257 Um
787 4214 817 4256 B·
843 4214 875 4256 fl·
901 4214 1071 4260 'l'BUBNth
