3450 5334
291 523 575 587 commun
594 527 636 584 IN
656 525 825 586 nomn
846 523 977 586 mer.
997 525 1106 585 rum.
1126 525 1250 586 nmo
1310 521 1352 586 31

192 697 281 756 dr'crr'r
293 715 319 754 s.
333 697 523 756 exauctorati
539 693 693 754 interdum
713 705 766 754 aut
783 693 880 775 pretio
895 701 948 752 ant
966 705 1072 772 sponte
1094 693 1134 754 ad
1152 693 1353 775 pugnandum

193 797 420 858 inducebantur.
479 797 606 857 Sueten.
634 798 706 857 Tib.
734 800 765 860 7.
806 797 889 854 Pliu.
908 799 948 854 ll.
967 799 1006 860 N.
1031 796 1069 872 8,
1090 799 1123 860 7.
1171 799 1353 881 ceteroquin

192 901 295 962 Schol.
312 903 406 982 Crnq.
421 901 519 958 bene:
541 900 710 980 ,Antiqua
725 899 818 960 ludo:
840 901 957 962 cundi
968 902 1014 961 ad
1031 899 1124 958 libror
1140 903 1354 974 cormeum&

193 1025 284 1086 qnare
291 1006 418 1087 cruqnii
430 1005 727 1082 interpretationem:
747 1004 873 1084 „Cupis,
888 1024 907 1062 c
915 1006 1084 1079 Maecenas,
1095 1023 1147 1062 me
1158 1003 1354 1062 continerein

192 1119 308 1166 assueta
318 1109 384 1185 jam
394 1104 467 1165 inde
479 1106 515 1164 eb
524 1103 726 1165 adolescentia
733 1105 856 1184 jocandi
870 1104 1057 1188 ludendique
1069 1108 1206 1166 retinue“
1219 1125 1274 1185 pro
1281 1123 1354 1163 vera

191 1207 352 1284 haberem,
373 1209 402 1268 si
422 1209 564 1268 Horatius
587 1227 618 1266 r.
635 1210 686 1273 10.
704 1227 807 1268 varan
826 1210 1030 1268 intellexisset
1046 1209 1129 1268 solos
1148 1206 1281 1268 ludicros
1304 1217 1353 1264 at-

192 1333 249 1394 que
272 1313 446 1370 amatorios.
488 1309 676 1370 Kactnmc
694 1312 851 1390 ingeniose
873 1313 999 1390 conjecit
1025 1311 1103 1392 (Qu.
1124 1313 1206 1370 Hor.
1228 1331 1261 1390 p.
1274 1305 1352 1386 360),

192 1418 399 1474 Maecenatem
414 1415 537 1473 Horatio
546 1415 611 1491 jam
623 1416 792 1473 senescenti
809 1414 852 1495 (r.
870 1413 916 1495 8.)
933 1411 1064 1494 ideoque
1080 1415 1177 1474 inrito
1196 1412 1354 1471 celebran-

193 1517 260 1574 dam
281 1517 417 1574 carmine
435 1517 720 1595 lyricciujuuxisce
740 1517 831 1576 Drusi
854 1518 982 1575 Neronis
1003 1519 1134 1596 Augusti
1161 1517 1294 1596 privigni
1315 1512 1354 1573 de

194 1617 359 1677 Vindelicis
374 1636 402 1677 a.
414 1619 488 1680 739.
504 1621 674 1678 victoriam.
724 1621 760 1678 ln
781 1639 845 1678 rem
857 1621 996 1701 Propert.
1016 1618 1053 1693 8,
1073 1622 1112 1695 7,
1132 1619 1165 1682 8.
1187 1621 1355 1678 Maecenas

194 1755 235 1766 —
254 1721 340 1797 Quid
350 1741 398 1778 me
410 1719 561 1779 scribenda·
572 1731 636 1778 tem
648 1731 769 1778 vectum
783 1724 877 1780 mittis
890 1725 925 1782 in
937 1720 1072 1801 aequor?
1112 1722 1187 1781 Non
1195 1732 1268 1780 snm
1279 1732 1354 1800 apta

196 1845 275 1881 mene
291 1823 428 1904 grandin
449 1823 518 1882 vela
536 1827 606 1883 rati.
653 1823 796 1903 carpum.
808 1826 875 1883 Ecl.
890 1824 928 1900 8,
948 1826 986 1900 9,
1006 1824 1057 1887 10·
1098 1825 1169 1882 Hoc
1185 1844 1283 1882 annea
1300 1843 1355 1881 ca-

197 1947 325 2006 numque
339 1945 438 1984 meam
446 1968 460 1997 ,
482 1926 559 1984 milri
577 1945 666 1996 care,
692 1937 843 1984 conectam
869 1927 917 1985 Tu
927 1927 1055 2000 juvenis
1079 1947 1228 2006 canaeque
1244 1926 1308 1984 deis
1321 1927 1356 1984 in

196 2032 330 2087 carrrrr'na
348 2028 454 2108 cogis?
470 2030 545 2110 ibiq.
558 2026 705 2090 Wernsd.
719 2031 758 2087 ll.
773 2047 805 2107 p.
815 2030 888 2091 177.

277 2133 313 2192 V.
334 2129 367 2193 4.
389 2131 421 2194 5.
463 2131 539 2189 Non
561 2163 605 2176 -
625 2151 711 2212 agro.
752 2133 792 2190 Et
813 2141 945 2189 aetatem
964 2130 1112 2191 senectuti
1132 2130 1305 2208 propiorem
1324 2137 1356 2186 et

196 2233 264 2294 iude
282 2244 432 2294 mutatam
447 2235 636 2292 voluntatem
652 2231 863 2314 sentiendique
876 2237 1040 2309 rationem,
1061 2252 1140 2314 quae
1161 2233 1265 2290 lusum
1278 2237 1354 2310 pce-

196 2341 287 2397 ticnm
306 2339 436 2396 missum
456 2336 590 2411 faciunt,
606 2333 649 2415 (r.
664 2336 731 2420 10.)
754 2339 819 2396 sive
842 2339 939 2396 serius
961 2339 1026 2396 sive
1047 2334 1179 2413 jocosius
1203 2335 1355 2414 praetexit

195 2444 296 2502 Poeta.
349 2441 513 2519 Perperam
534 2439 627 2517 igitur
647 2437 877 2519 Haberselcluc,
901 2439 1066 2497 Sanadono
1093 2435 1187 2514 duce,
1211 2438 1356 2515 intelligit

195 2545 307 2623 ingenii
319 2543 401 2617 rim,
429 2559 491 2622 qua
504 2543 645 2600 Horatius
661 2562 694 2600 se
715 2545 866 2622 imparem
882 2540 963 2601 dicat
976 2541 1158 2599 carminibus
1171 2537 1354 2612 scribendis3

196 2647 420 2725 cf.v.10⁸qq.
451 2641 507 2703 Od·
526 2641 564 2719 4,
584 2645 640 2720 10,
653 2647 686 2708 7.
719 2646 816 2725 Epist.
833 2647 864 2718 2,
892 2644 1008 2720 1,108.
1032 2655 1063 2703 et
1073 2647 1294 2722 Morgensteru.
1318 2642 1356 2700 de

199 2749 318 2809 Saltim
333 2759 425 2828 atque
437 2747 537 2824 Epist.
552 2747 632 2804 Hor.
650 2747 740 2805 decr.
760 2767 791 2826 p.
809 2747 860 2808 18.
887 2780 931 2791 -
962 2747 1131 2806 Minoiiu
1152 2742 1237 2804 hisce
1255 2744 1354 2804 verbis

194 2853 388 2932 proverbium
414 2857 501 2907 vetus
521 2845 652 2922 videnti,
674 2857 725 2906 ut:
757 2849 847 2922 „Alia
872 2859 953 2909 aetas
976 2852 1053 2909 alica
1080 2867 1180 2906 mores
1201 2846 1355 2926 postulet“

195 2973 254 3012 non
269 2951 360 3012 valde
372 2951 612 3030 repugnaverim.
654 2953 725 3010 Alia
738 2951 888 3032 quidem,
916 2963 949 3010 at
967 2971 1031 3012 non
1053 2951 1146 3030 paulo
1165 2947 1284 3007 diversa
1304 2967 1356 3005 rn-

195 3059 275 3115 tione
289 3054 450 3112 Auecoiue
465 3055 563 3132 Epist.
577 3055 608 3126 9,
623 3054 643 3114 9
662 3071 748 3134 sqq.:
770 3065 855 3113 velue
875 3053 952 3111 milri
965 3054 1066 3113 Paule
1085 3053 1219 3122 sodale,
1237 3052 1356 3108 Arene-

185 3159 274 3238 sacte
290 3157 365 3214 meis
368 3155 507 3229 joculari
522 3157 654 3214 carmine
667 3159 768 3235 nugis.
810 3157 1007 3236 Aggrediam
1024 3155 1165 3236 quamvis
1177 3173 1285 3212 curam
1295 3171 1358 3210 non

195 3263 252 3318 uta
265 3257 390 3318 amr'lem
409 3258 577 3316 Sollicitam
589 3258 741 3337 frugique
753 3259 818 3315 viro
832 3259 992 3338 degrmnda
1000 3269 1157 3338 perterrtur.
1173 3291 1218 3301 -
1265 3256 1358 3328 Vejc-

195 3365 283 3433 ru'ue‚
310 3362 394 3440 cujus
412 3381 524 3421 nomen
548 3363 646 3439 magis
660 3361 799 3419 Italicum
819 3381 912 3443 qnam
924 3363 1096 3421 Romanum
1117 3380 1199 3434 esse,
1222 3361 1356 3419 Varrone

195 3475 316 3524 auctore
331 3463 379 3540 [li.
393 3466 428 3523 R.
443 3463 475 3539 3,
492 3465 542 3528 16.
557 3484 588 3543 p.
602 3460 676 3524 238.
690 3462 757 3540 Bip.
773 3460 850 3522 adde
866 3465 959 3524 0rell.
972 3467 1066 3524 luscr.
1080 3483 1127 3526 ur.
1144 3462 1259 3539 21721,
1283 3459 1357 3518 dicit

194 3568 390 3642 Torrentius,
422 3566 498 3640 fuit,
523 3560 731 3646 Porphyriona
755 3565 935 3646 interprete,
965 3565 1076 3624 nobilis
1098 3565 1275 3644 gladeotor,
1303 3563 1359 3641 qui

190 3679 261 3748 post
285 3668 400 3728 ruthae
415 3668 542 3746 palmae
564 3669 743 3726 enmecratr'c
758 3667 892 3726 Herculi
912 3669 1065 3728 Ivlendano
1082 3671 1178 3726 armis
1187 3709 1199 3738 ‚
1235 3665 1358 3724 widem

194 3775 227 3830 in
242 3769 423 3851 agellenses
440 3770 615 3829 contulerat.
667 3771 762 3845 Cujrre
775 3771 908 3851 exemplo
920 3771 994 3830 diest
1006 3781 1135 3830 atatem
1145 3789 1234 3828 nwm
1246 3779 1358 3845 etpro-

191 3875 327 3952 poritum
340 3873 501 3953 impediri,
517 3893 555 3932 ne
568 3875 602 3932 in
619 3871 781 3931 ecn'bmdir
795 3874 832 3932 iic
850 3872 1035 3933 carminibus
1044 3880 1225 3953 perseverat.
1270 3867 1358 3927 ldem

195 3977 308 4056 legitur
320 3979 353 4034 in
368 3979 510 4037 eluctatio
528 3975 632 4039 Schol.
645 3980 737 4061 cruq.
758 3980 893 4038 allousa
911 3977 1049 4037 confecto
1070 3997 1102 4057 p.
1116 3976 1191 4039 692.
1215 3965 1357 4053 (Bothius

195 4099 355 4159 perperam
377 4081 529 4140 Acrouem
550 4082 714 4162 nominat).
756 4083 839 4140 Bene
863 4078 902 4137 de
923 4080 1049 4157 Vejanio
1063 4076 1103 4136 ad
1124 4097 1155 4136 v.
1168 4076 1199 4139 6.
1224 4071 1360 4152 disputat

196 4183 362 4263 Crnqfflnn,
384 4201 478 4264 quem
499 4181 581 4242 ride.
633 4183 800 4264 Templum
813 4183 953 4241 Herculis
974 4178 1114 4240 Fundani
1131 4183 1316 4237 memoratur
1339 4193 1358 4234 a

196 4285 326 4363 Vopisco
347 4287 380 4343 in
400 4285 541 4345 Floriano
563 4305 591 4343 c.
606 4280 638 4347 4.
658 4295 689 4343 et
711 4287 744 4342 in
759 4282 893 4365 quadam
912 4284 1107 4362 inscriptione
1128 4298 1177 4360 ap.
1194 4277 1287 4338 Orell.
1309 4297 1358 4336 nr.

199 4385 291 4451 1589.
333 4389 376 4446 Ut
386 4397 502 4446 veteres
517 4385 650 4469 quadam
662 4391 774 4468 pietate
786 4387 918 4467 permoti
928 4387 979 4444 rel
994 4383 1162 4445 devotionis
1177 4399 1285 4456 causa,
1306 4381 1358 4440 vel

196 4487 229 4546 in
244 4491 425 4550 memoriam
440 4487 574 4548 defuncti
588 4493 716 4570 periculi
729 4491 779 4550 rel
792 4489 830 4550 ob
846 4497 996 4548 muntem
1007 4485 1088 4544 ritae
1102 4485 1250 4544 rationem
1261 4485 1358 4542 inter·

196 4591 383 4673 mumurque
403 4601 498 4652 artem
511 4591 569 4653 diis
583 4595 647 4654 suis
667 4613 768 4672 mma,
789 4587 992 4674 ἀναθήματα,
1012 4589 1133 4666 aliaque
1149 4588 1223 4646 artis
1243 4588 1358 4646 instru-
