3450 5334
336 512 400 576 308
442 512 725 573 COMMENTARll
746 512 789 570 IN
810 510 977 572 HORATll
998 509 1074 570 LlB.
1090 510 1114 569 l.
1129 508 1253 570 EPIST.
1271 511 1387 572 SEXT.
1451 515 1497 579 86
1582 593 1586 598 .

335 722 374 760 cc
394 700 541 760 mz'raeulo
563 699 694 778 torpidos
715 699 872 773 defixisset.
916 696 987 756 Tac.
1011 696 1086 757 Anu.
1105 700 1135 775 1,
1157 698 1209 760 68.
1233 698 1328 757 milite
1349 701 1440 779 quasi
1455 700 1493 759 ob

335 816 447 863 metum
468 804 573 878 desero.
619 803 663 862 Id.
688 802 744 877 13,
780 801 810 862 5.
832 801 935 857 ceteris
952 820 1067 876 pavore
1088 799 1203 874 defixia.
1246 802 1316 861 lnde
1338 804 1496 863 illustratur

335 908 407 965 alius
423 906 518 965 Taciti
535 906 617 964 locus
633 902 708 961 Anu.
723 904 797 977 3,1.
812 900 1006 980 (Agrippina
1023 922 1141 979 egressa
1158 904 1234 960 navi
1248 902 1351 977 deficit
1366 905 1492 987 oculor),

335 1010 372 1067 ad
394 1028 478 1086 quem
499 1027 551 1066 suo
573 1008 692 1084 quisque
713 1005 799 1063 modo
818 1002 893 1081 lapsi
915 1004 1171 1062 suutWaltlrernr
1185 1011 1215 1065 et
1229 1004 1376 1064 Baebius.
1398 1006 1493 1067 Dictio

336 1114 412 1172 enim
429 1119 490 1170 tum
511 1111 652 1187 significat
671 1114 802 1166 nostrum
823 1104 1069 1185 niederschlagen
1077 1149 1090 1178 ,
1126 1125 1212 1184 quum
1239 1108 1355 1167 additur
1375 1108 1438 1167 eolo
1468 1129 1495 1167 s.

336 1226 436 1285 terra,
474 1233 499 1271 s.
520 1215 553 1269 in
574 1222 705 1280 terram,
748 1209 786 1266 cf.
806 1208 894 1267 Hom.
936 1206 970 1265 ll.
993 1208 1031 1285 3,
1074 1212 1146 1275 217.
1191 1208 1317 1269 Theoer.
1342 1214 1378 1288 2,
1423 1214 1495 1276 112.

336 1317 422 1377 Plura
448 1316 610 1375 alterutrius
639 1314 682 1372 rei
708 1310 837 1388 exempla
862 1308 1045 1387 suppeditant
1065 1309 1169 1371 Lamb.
1197 1314 1233 1371 ad
1254 1312 1347 1391 Epist.
1371 1316 1406 1390 1,
1443 1316 1496 1391 18,

336 1416 388 1480 94.
432 1418 529 1476 Schm.
547 1417 584 1472 ad
608 1414 638 1473 h.
660 1412 680 1472 l.
724 1413 814 1472 Baclr.
842 1412 880 1469 ad
904 1412 988 1469 Ouid.
1011 1411 1082 1471 Met.
1107 1413 1164 1490 13,
1201 1411 1275 1477 540.
1318 1414 1437 1495 Forbig.
1457 1416 1496 1475 ad

335 1519 414 1598 Virg.
430 1518 502 1578 Aen.
527 1519 559 1593 6,
580 1514 652 1579 469.
695 1515 793 1573 Burm.
814 1513 851 1571 ad
874 1512 936 1570 Val.
952 1512 1050 1573 Flacc.
1060 1511 1091 1590 4,
1113 1516 1183 1579 226.
1228 1518 1271 1575 ld.
1289 1516 1436 1577 etLoers.
1458 1514 1497 1576 ad

336 1625 422 1683 Ovid.
441 1621 560 1681 Heroid.
583 1620 640 1692 21,
672 1617 743 1680 113.
786 1614 886 1673 Barth.
910 1615 947 1672 ad
966 1616 1041 1673 Stat.
1061 1612 1162 1673 Achill.
1186 1618 1224 1693 1,
1256 1618 1327 1681 158.
1371 1620 1496 1698 Rupert.

335 1728 374 1785 ad
394 1720 565 1783 TacAnn.
590 1721 626 1795 1,
652 1719 714 1793 68,
745 1721 774 1780 1.
817 1716 907 1775 Drak.
930 1718 967 1775 ad
986 1716 1109 1793 Liv.3‚
1132 1713 1189 1795 47,
1213 1719 1243 1778 6.
1290 1721 1441 1781 Gebh.ad
1463 1721 1497 1799 6,

336 1826 447 1904 40,1.
490 1823 569 1883 Duk.
589 1823 627 1878 ad
643 1820 723 1878 Flor.
746 1823 777 1896 2,
800 1819 830 1894 6,
853 1816 905 1879 59.
949 1818 1271 1898 Scioppverisimll,
1296 1826 1345 1885 17.
1388 1824 1498 1882 Similis

336 1938 382 1989 est
409 1947 475 1985 usus
501 1924 581 1983 verbi
607 1921 794 2000 πεπηγέναι,
828 1922 866 1980 de
896 1942 953 1998 quo
981 1924 1041 1981 vid.
1063 1920 1113 1980 Fr.
1135 1922 1251 1982 Jacobs.
1280 1927 1309 1982 in
1336 1923 1433 1985 Addit.
1455 1924 1497 1986 ad

336 2030 441 2090 Athen.
471 2048 501 2106 p.
525 2026 596 2092 216.
619 2026 656 2082 ad
680 2022 845 2082 Philostrat.
868 2043 898 2101 p.
917 2023 990 2089 355.
1012 2024 1143 2083 laudatus
1169 2024 1427 2088 aWuestemanno
1455 2026 1497 2086 ad

336 2134 463 2192 Theocr.
492 2132 531 2206 2,
568 2127 641 2189 110.
684 2121 810 2185 Verbum
837 2136 950 2204 torpere
977 2127 1100 2186 illustrat
1120 2126 1258 2189 Doederl.
1291 2130 1319 2190 in
1346 2130 1417 2209 Syn.
1445 2126 1495 2191 Ν.

359 2235 463 2301 .227.

335 2258 355 2315 p
419 2334 455 2392 V.
479 2330 604 2395 15.16.
648 2328 758 2385 lncani
777 2347 884 2385 nomen
906 2360 943 2373 -·
968 2332 1076 2407 ipram.
1119 2330 1281 2392 Sententia:
1316 2351 1431 2409 „omne
1450 2332 1495 2391 ni·

336 2442 423 2500 mium
444 2453 497 2493 sua
519 2430 608 2489 habet
627 2431 807 2489 incommoda
827 2438 929 2508 atque,
952 2433 977 2489 si
1000 2435 1062 2510 quis
1084 2436 1199 2509 sapiens
1220 2434 1302 2491 nimis
1323 2441 1498 2513 appetenter

337 2544 456 2618 appetat
476 2536 608 2592 virtutem
627 2534 731 2609 ipsam,
751 2533 828 2590 haud
848 2534 909 2591 scio
929 2552 965 2591 an
982 2554 1036 2611 pro
1058 2536 1208 2613 insipiente
1228 2536 1401 2595 habeatur.“
1432 2534 1496 2595 Ne-

337 2659 392 2717 que
413 2645 511 2697 tamen
532 2635 749 2693 contradixerim
777 2636 828 2709 iis,
866 2636 913 2710 qui
935 2633 1153 2712 conjunctivum
1171 2639 1259 2716 serat
1280 2640 1424 2717 accipiunt
1442 2658 1499 2717 pro

336 2741 519 2820 Imperativo.
564 2733 611 2798 Cf.
634 2741 762 2794 annotat.
784 2734 822 2792 ad
843 2734 937 2812 Epist.
959 2736 989 2811 1,
1010 2738 1041 2815 2,
1063 2733 1114 2800 34.
1156 2740 1251 2800 Bentl.
1270 2742 1307 2800 ad
1327 2740 1390 2799 Sat.
1413 2743 1443 2818 2,
1466 2742 1500 2821 1,

338 2847 390 2910 20.
420 2850 467 2919 ct,
504 2859 589 2918 quem
610 2840 709 2897 laudat
729 2836 885 2915 Groebel.,
918 2838 1024 2916 Wagn.
1046 2842 1084 2900 ad
1103 2840 1182 2922 Vrrg.
1206 2842 1269 2902 Ecl.
1292 2846 1332 2920 2,
1367 2840 1419 2907 57.
1463 2842 1499 2903 ln

337 2952 473 3027 promptu
492 2949 588 3002 autem
608 2949 665 3019 est,
686 2941 927 3001 vehementiorem
955 2960 1050 3001 remm
1071 2948 1156 3004 etiam
1176 2945 1425 3025 pulcherrimarum
1443 2962 1498 3025 ap-

337 3052 459 3130 petitum
485 3044 680 3121 tranquillitati
706 3043 746 3102 illi
780 3049 866 3121 atque
900 3046 1036 3119 aequitati
1068 3066 1242 3127 magnopere
1274 3047 1388 3107 obesse.
1431 3046 1499 3108 Vrd.

339 3154 374 3212 C.
397 3152 517 3209 Passov.
536 3148 576 3205 N.
592 3148 645 3208 61.
665 3152 696 3205 et
714 3148 745 3205 in
765 3147 935 3205 sententiam
957 3146 1018 3205 Cic.
1041 3146 1131 3208 Tusc.
1152 3143 1189 3227 4,
1212 3148 1270 3227 25,
1292 3148 1343 3212 55.
1391 3148 1500 3226 Quid?

338 3275 392 3314 voa
413 3252 516 3311 studia
537 3247 702 3307 lubidinem
721 3248 859 3306 vocatas?
887 3268 965 3327 quae
986 3249 1037 3307 vel
1055 3254 1236 3328 optimarum
1257 3272 1377 3324 rerum,
1406 3262 1441 3309 ut
1461 3272 1499 3311 aa

339 3366 411 3416 aaut
432 3374 510 3433 quae
526 3352 689 3429 profertis,
723 3350 829 3408 sedata
848 3360 949 3407 tamen
971 3362 1000 3407 at
1020 3353 1189 3432 tranquilla
1210 3374 1271 3412 erae
1293 3352 1409 3412 debent.
1452 3355 1498 3417 ld.

339 3456 372 3536 4,
399 3458 451 3534 29,
474 3458 525 3519 62.
548 3452 651 3511 lubido
673 3454 740 3529 ipsa
761 3452 895 3511 tollenda
917 3465 977 3511 est:
1008 3456 1143 3527 ursive,
1165 3454 1249 3536 quod
1265 3455 1421 3515 honestum
1441 3466 1499 3527 est,

340 3561 375 3619 id
399 3560 438 3616 sit
457 3574 609 3614 summam
630 3551 759 3623 benur»,
795 3557 858 3612 cive
878 3555 1018 3634 voluptas
1038 3560 1100 3617 siva
1119 3557 1227 3616 horum
1249 3569 1408 3637 utrumque
1425 3576 1498 3614 eon-

332 3669 478 3741 janctum
497 3660 560 3716 cive
581 3658 641 3712 tria
660 3655 717 3712 illa
742 3676 856 3733 genera
885 3655 1043 3738 bonorum,
1079 3672 1199 3732 tamen,
1233 3662 1350 3720 etiamsi
1377 3659 1498 3720 vanata

340 3767 437 3843 ipsura
456 3758 654 3818 vehementior
673 3760 825 3835 appetitus
845 3762 884 3817 cit
894 3804 904 3830 ,
942 3762 1043 3821 eadem
1061 3766 1102 3822 cit
1128 3762 1266 3821 omnibus
1286 3762 1331 3821 ad
1349 3764 1499 3819 deterren-

341 3869 416 3927 dum
447 3860 620 3921 adhibenda
646 3862 751 3918 oratio.
798 3861 844 3920 Cf.
866 3862 982 3941 ibid.4,
1004 3864 1035 3941 5,
1058 3866 1161 3942 10.6,
1184 3869 1235 3931 12.
1279 3866 1413 3943 Theogn.
1434 3860 1498 3925 886

342 3990 408 4047 sqq.
430 3968 477 4026 ed.
499 3964 601 4042 Lips,
639 3982 712 4039 quos
734 3960 850 4023 landant
871 3965 994 4045 Koenig.
1017 3976 1047 4028 et
1067 3969 1194 4027 Schmid.
1238 3970 1422 4047 Quapropter
1442 3966 1497 4025 du·

341 4074 419 4148 bito,
450 4089 519 4128 num
539 4066 647 4124 Poetae
664 4072 790 4123 mentem
810 4076 960 4127 assecutus
981 4071 1019 4129 sit
1040 4070 1225 4149 Doeringius
1235 4111 1246 4139 ,
1278 4090 1366 4147 quum
1387 4071 1428 4127 sic
1448 4088 1498 4127 ex-

342 4176 478 4255 plicaret:
500 4168 572 4246 „qui
593 4169 622 4225 in
640 4166 753 4227 virtutis
774 4171 870 4229 studio
891 4192 984 4249 usque
1005 4192 1040 4231 eo
1053 4172 1191 4251 progredi
1210 4178 1315 4247 tentat,
1337 4190 1395 4247 quo
1414 4190 1499 4229 nemo

342 4274 479 4355 progredi
490 4276 600 4353 potest,
621 4270 647 4327 is
665 4288 783 4347 operam
796 4275 927 4349 perdit.“
968 4272 1008 4334 At
1022 4276 1219 4353 conjungenda
1233 4280 1300 4332 sunt
1311 4270 1392 4327 ultra
1407 4290 1500 4349 quam

343 4380 417 4435 antis
437 4386 481 4433 eet
496 4383 597 4451 petere
618 4370 665 4448 (ut
685 4370 743 4429 0d.
766 4365 798 4447 4,
821 4375 875 4453 11,
898 4375 966 4453 20,
989 4385 1019 4436 et
1039 4376 1132 4456 Epist.
1154 4379 1192 4453 7,
1213 4376 1266 4440 82.
1289 4374 1327 4432 cf.
1348 4371 1441 4432 Drak.
1462 4373 1500 4431 ad

342 4477 408 4538 Liv.
430 4478 462 4555 8,
483 4471 535 4551 24,
558 4475 634 4553 15),
655 4494 749 4553 neque
770 4476 912 4537 dubitavit
929 4478 1066 4539 Horatius
1073 4518 1083 4554 ,
1104 4495 1173 4536 num
1192 4478 1259 4555 quid
1280 4478 1309 4533 in
1331 4476 1435 4535 virtute
1456 4476 1501 4533 ni·

343 4579 430 4642 mium
450 4594 515 4635 esse
534 4578 640 4653 poscit,
658 4586 692 4635 nt
713 4578 868 4639 verendum
886 4582 936 4659 sit,
955 4599 992 4641 ne
1014 4581 1078 4661 quis
1098 4580 1181 4641 nimis
1195 4586 1246 4639 aut
1259 4580 1356 4657 justus
1370 4584 1421 4637 aut
1439 4578 1500 4637 sor-
