3450 5334
335 512 378 578 96
440 517 720 580 communion
740 519 781 578 ΙΝ
799 515 967 578 nouam
988 515 1119 576 EPlST.
1140 517 1249 574 Pam.
1270 515 1347 575 LlB.
1368 519 1392 576 1.
1413 540 1417 546 ’

341 685 450 765 Oruq„
471 686 680 768 Haberfildue
694 696 724 745 et
738 653 939 766 Deeriugs'rle,
958 707 998 745 an
1011 687 1072 744 alia
1087 683 1159 746 res'l
1202 689 1248 744 Ne
1263 682 1379 744 multa!
1422 687 1493 744 Hor.

336 787 368 847 lr.
386 792 408 847 l.
437 791 499 848 fere
519 790 602 849 idem
622 791 719 848 voluit
738 787 820 871 quod
839 793 873 848 in
890 792 965 850 locis
995 809 1035 848 ex
1054 791 1159 870 lyricis
1182 809 1273 869 supra
1292 790 1393 847 allatis
1414 791 1435 846 i.
1448 807 1494 846 e.:

338 937 357 966 „
366 893 525 963 adiecisse,
548 911 626 970 quoe
640 891 751 971 ubique
765 912 866 950 seeum
873 893 942 971 fert
952 893 1153 964 tusdritmsui,
1166 891 1302 950 inhaeret
1313 911 1407 970 aeque
1413 912 1496 968 peu-

332 996 403 1072 peri
417 997 451 1052 irc
465 997 589 1074 navigio
609 993 753 1052 modswto
768 993 883 1052 sedenti
897 1015 937 1052 ac
951 995 1042 1054 diviti
1061 998 1095 1052 in
1114 1015 1180 1053 auo.
1230 994 1399 1073 Uenusque
1416 996 1497 1052 esim

337 1119 395 1155 sua
412 1108 524 1156 enecet
536 1094 725 1154 mutabilitas
740 1099 861 1168 mentis,
884 1107 920 1154 ut
934 1095 1102 1174 voluptate,
1124 1117 1219 1176 quam
1231 1095 1291 1154 εῶἰ
1302 1108 1410 1174 parat,
1421 1096 1496 1174 plo-

338 1201 403 1260 crde
410 1201 485 1280 snei
495 1209 623 1279 nequeat
639 1207 668 1254 et
678 1197 723 1254 od
734 1219 781 1256 ree
792 1199 911 1256 αἰὲωω
925 1201 1054 1257 tramite
1064 1202 1210 1278 cuprbt.“
1243 1203 1279 1258 ln
1293 1219 1418 1258 seusam
1433 1198 1496 1256 fere

336 1300 490 1363 Plutarch.
508 1301 546 1360 de
565 1303 676 1360 Virtut.
697 1311 727 1359 et
746 1303 806 1362 vir.
826 1305 876 1362 Vl.
892 1322 922 1381 p.
937 1300 1027 1365 38οα
1049 1299 1072 1381 ἦ
1090 1298 1231 1366 δὲκακία
1249 1301 1302 1365 καὶ
1316 1296 1354 1363 sd
1375 1296 1496 1381 λαμπραὶ

338 1400 511 1486 φαινόμενα
527 1400 579 1466 sci
597 1407 745 1484 πολυτελῆ
757 1402 809 1466 sal
826 1399 921 1484 ceneri
938 1403 1106 1486 μιγνυμένη
1127 1399 1249 1485 luepori
1267 1405 1321 1466 sal
1341 1397 1496 1481 comedin

338 1507 390 1571 sol
403 1504 628 1588 δυσπρόσδεκτα
645 1503 768 1585 παρέχει
781 1513 845 1580 τοῖς
855 1504 1057 1585 κεκτημένοις.
1078 1508 1125 1565 cf.
1139 1505 1177 1565 de
1187 1510 1291 1565 Anim.
1306 1507 1420 1586 Tranq.
1431 1509 1494 1566 vn.

339 1631 369 1690 p.
382 1610 454 1673 826.
467 1613 503 1670 R.
516 1619 547 1666 et
562 1608 624 1667 Sat.
641 1610 677 1680 2,
693 1608 723 1682 7,
741 1609 802 1672 113
817 1628 885 1690 sqq.
926 1607 1044 1666 Deinde
1057 1608 1140 1690 qnod
1157 1611 1191 1666 in
1209 1609 1405 1687 ambiguitate
1424 1609 1495 1667 lusit

338 1715 433 1772 Poilta
442 1714 572 1790 jocosus,
592 1712 747 1768 neminem
764 1709 897 1770 offendet
910 1713 971 1770 nisi
983 1732 1064 1786 enan,
1086 1713 1140 1793 qui
1158 1713 1358 1770 Horatiauum
1371 1711 1495 1770 ludendi

338 1835 456 1874 rnorem
469 1825 521 1874 aut
533 1814 623 1893 plane
637 1815 750 1888 nescit,
778 1824 830 1871 aut
849 1833 958 1893 parum
971 1817 1072 1872 sentit.
1113 1815 1191 1872 Mira
1212 1825 1315 1873 tmnen
1329 1825 1393 1891 est,
1417 1834 1496 1895 quae

339 1919 566 1996 ambiguitatem
584 1917 670 1974 illam
687 1913 834 1991 dissolvit,
856 1917 973 1974 Maroae
987 1919 1160 1996 explicatio,
1180 1936 1240 1997 qun
1254 1935 1400 1974 umescere
1412 1916 1496 1975 idem

339 2039 406 2079 esse
421 2018 530 2077 dicitur
551 2038 585 2076 ac
598 2021 757 2098 navigare,
776 2037 836 2100 qua
858 2017 983 2100 quidem
999 2039 1031 2076 re
1048 2038 1190 2078 concessa
1205 2021 1304 2078 omnis
1321 2017 1496 2099 perderetur

339 2123 506 2180 sententiae
523 2125 580 2198 ris,
595 2120 633 2179 de
648 2141 707 2202 qna
722 2119 788 2180 dixi
801 2120 840 2180 ad
856 2142 886 2180 v.
901 2123 953 2184 91.
975 2121 1121 2193 Bolluise,
1135 2120 1217 2203 qnod
1230 2121 1396 2182 absurdum
1406 2120 1496 2180 dixe-

339 2227 414 2300 rim,
431 2226 528 2304 ipsam
547 2244 692 2284 nauseam
708 2225 896 2283 intellexisse
911 2223 1040 2283 videtur.

423 2328 459 2386 V·
481 2325 523 2389 94
535 2345 601 2406 sqq.
648 2327 685 2384 Si
696 2335 829 2383 curatus.
845 2357 891 2370 ·—
910 2327 993 2398 Quae
1010 2325 1062 2385 hic
1076 2335 1262 2408 sequnntur,
1287 2325 1497 2406 Haberseldus

340 2439 370 2486 et
388 2428 497 2486 Cera-sor
510 2427 646 2485 editionis
663 2427 877 2486 Schmils'anoe
897 2431 930 2486 in
944 2431 1013 2488 Jeu.
1030 2432 1065 2488 L.
1083 2431 1120 2488 Z.
1138 2429 1230 2494 1829.
1244 2450 1275 2509 p.
1288 2431 1363 2493 399.
1380 2428 1496 2489 nonde

339 2531 522 2604 Maecenate,
539 2527 593 2588 sed
611 2527 648 2588 de
662 2530 802 2589 omnibns
818 2549 858 2588 ex
873 2534 1032 2591 notissime
1043 2551 1141 2591 unrsm
1155 2530 1193 2590 de
1206 2533 1312 2590 multis
1322 2530 1497 2614 alloquendi

340 2629 388 2710 (ut
401 2652 431 2688 v.
449 2627 516 2710 45.)
536 2629 752 2690 consuetudine
775 2631 854 2691 dicta
873 2653 939 2692 esse
957 2635 1073 2692 volunt.
1116 2637 1157 2694 At
1172 2632 1247 2693 lmic
1259 2637 1497 2716 interpretationi

340 2736 430 2814 plane
443 2732 655 2810 adversantur,
676 2753 754 2815 quae
767 2735 911 2816 leguntur
924 2737 1004 2795 iufra
1020 2756 1071 2796 vv.
1088 2737 1221 2801 103-5.
1244 2737 1402 2812 Quomodo
1416 2738 1496 2794 euim

340 2841 434 2899 Potta
448 2838 606 2917 populum,
622 2840 747 2917 quicsun
760 2839 845 2899 nullo
863 2851 986 2920 propter
999 2858 1172 2919 perversam
1184 2839 1335 2898 sentiendi
1350 2843 1497 2898 rationem

340 2942 516 3019 conjunctus
528 2959 593 2998 esse
606 2941 673 2998 vult
690 2945 848 3017 consortio,
862 2941 961 3001 dicere
974 2945 1073 3022 potuit
1086 2943 1228 3016 amicmn,
1243 2962 1333 3022 aquo
1344 2944 1409 3022 ipse
1419 2963 1498 3022 pen-

342 3026 425 3084 deret
445 3043 597 3106 quemque
620 3024 808 3105 respiceret?
851 3025 969 3086 Deinde
990 3031 1050 3086 viri
1070 3030 1139 3104 isti,
1163 3031 1279 3108 optime
1298 3026 1374 3087 haec
1396 3030 1498 3088 omnia

339 3131 522 3202 Maecenati,
543 3128 775 3208 diligentissimo
797 3129 897 3188 cultus
917 3148 1079 3210 rerumque
1098 3139 1294 3190 externarum
1313 3132 1497 3190 observaturi

341 3242 432 3312 atque
452 3233 623 3310 castigatori
645 3233 805 3290 convenire
827 3251 889 3290 non
912 3229 1053 3290 videntur
1072 3229 1194 3292 vidisse.
1235 3231 1304 3292 vid.
1332 3233 1497 3294 Weiclsert.

339 3336 426 3394 rost.
442 3335 509 3395 Lat.
525 3335 591 3394 liel.
604 3355 634 3414 p·
649 3331 829 3400 lit-458.
843 3345 874 3393 et
887 3337 983 3394 Lecti.
997 3335 1110 3396 Venus.
1123 3335 1149 3392 Ι.
1166 3355 1196 3413 p·
1209 3335 1306 3417 6sqq.
1333 3337 1498 3396 Nobiscum

340 3447 460 3516 praeter
476 3437 552 3496 alios
566 3438 659 3496 sentit
675 3438 727 3497 Ii.
740 3437 830 3517 Aug.
850 3437 951 3516 Wolf
956 3439 1006 3496 in:
1032 3439 1133 3498 Verm.
1149 3435 1277 3517 Schnfl.
1288 3459 1321 3496 u.
1334 3438 1495 3518 Aussctze.

341 3540 517 3605 Hal-1802·
538 3537 661 3619 p.124.
704 3541 788 3599 Tum
804 3540 832 3598 si
852 3541 945 3599 auxie
962 3550 1113 3615 verentur,
1133 3535 1173 3597 ne
1187 3542 1372 3600 Horatiusin
1384 3544 1496 3600 crimen

340 3643 502 3722 petulantis
517 3643 661 3701 irrisionis
674 3643 822 3718 incurrat,
834 3653 888 3700 aut
901 3663 964 3703 non
977 3646 1111 3702 sentiunt
1125 3662 1185 3724 qua
1196 3639 1384 3701 humanitate
1396 3644 1496 3717 „ami-

341 3765 393 3804 cus
413 3747 545 3802 anucum
562 3752 665 3822 tangat
684 3754 715 3801 et
732 3743 882 3804 admissus
902 3748 1017 3804 οὶτοωιι
1031 3744 1206 3826 praecordia
1221 3743 1310 3804 ludat
1321 3757 1405 3804 tanta
1421 3765 1497 3804 mus

341 3850 475 3923 vafritie,
497 3857 533 3906 ut
552 3865 614 3904 uon
636 3844 751 3924 ridere,
773 3845 827 3906 sed
845 3849 988 3929 probare,
1012 3870 1069 3908 nec
1085 3850 1271 3928 vituperare,
1290 3848 1346 3908 sed
1363 3847 1498 3924 laudare,

339 3949 478 4012 videatur
491 3947 580 4008 dulce
599 3946 691 4007 decus
704 3967 795 4008 sumu
809 3959 839 4009 et
854 3950 1084 4029 praesidium,“
1106 3963 1236 4011 autnon
1253 3950 1446 4010 attendenmt
1455 3953 1499 4011 li-

273 4055 277 4063 '
339 4053 489 4113 berioreru
510 4054 705 4134 antiquorum
730 4050 893 4112 hominum
919 4053 1185 4130 consuetudinem,
1214 4072 1275 4134 qna
1295 4049 1380 4134 quod
1399 4053 1447 4112 illi
1463 4055 1498 4111 in

340 4168 460 4235 pectore
476 4155 629 4214 inclusum
647 4155 805 4236 gestabant
818 4155 972 4216 liberrime
994 4155 1183 4216 effunderent
1201 4157 1359 4236 magisque
1374 4155 1500 4234 ingenui

341 4256 501 4334 ducerent,
523 4269 625 4338 aperte
638 4259 688 4318 vel
701 4257 800 4318 odisse
816 4277 911 4339 quam
926 4260 1027 4318 fronte
1040 4260 1191 4320 occultare
1207 4259 1397 4318 sententiam.
1431 4260 1499 4317 Huc

340 4358 456 4419 accedit
466 4370 638 4441 temporum
652 4362 744 4437 ratio,
757 4381 817 4443 qua
828 4363 987 4421 Maecenas
1001 4372 1066 4421 tam
1082 4363 1271 4420 familiariter
1285 4362 1424 4419 utebatur
1432 4363 1500 4419 ilo-

341 4463 433 4538 ratio‚
460 4473 496 4520 ut
514 4461 586 4522 huic
611 4483 681 4523 mm
702 4474 830 4545 patrono
858 4465 1076 4544 benignissim
1103 4465 1292 4523 familiariter
1311 4463 1445 4522 cavillari
1463 4483 1500 4522 ac

337 4564 432 4642 jocari
448 4565 561 4624 liceret.
602 4569 708 4650 Neque
728 4569 931 4630 Maecenasis
951 4567 1025 4644 fuit,
1055 4567 1110 4648 qui
1131 4567 1281 4647 ingenuas
1298 4567 1500 4626 amiculormn
