3450 5334
343 433 409 498 310
450 434 732 498 COMMEMARII
753 436 797 498 lN
817 436 983 499 HORATll
1002 437 1077 498 LlB.
1092 438 1116 498 1.
1131 438 1256 499 EPIST.
1271 440 1386 499 SEXT.
1451 443 1494 509 38

341 624 516 701 relinquatur
534 624 635 701 loeus,
656 624 810 684 afferamus
829 624 939 703 aliquot
956 626 1099 705 exempla:
1129 628 1215 687 Ouid.
1239 644 1274 688 ex
1294 627 1379 687 Pont.
1403 630 1438 705 1,
1460 630 1496 706 3,

338 729 391 792 61.
433 728 555 787 Inane
576 737 604 784 et
624 736 755 785 veterum
775 724 859 785 nobis
881 728 1016 807 exempla
1037 731 1186 809 eborum,
1214 731 1275 808 Qui
1286 731 1370 811 firti
1390 752 1496 791 casum

338 829 565 901 mutabilem,
601 830 687 908 refer.
732 830 848 889 Petron.
872 831 944 892 116.
987 832 1033 890 Ite
1061 852 1143 889 nune
1168 833 1308 893 mortales
1327 846 1357 892 et
1374 836 1496 913 maguis

337 932 569 1011 cogitationibus
586 943 708 1010 pectora
729 933 857 1010 implere.
901 932 1016 993 Anthol.
1038 934 1087 994 lut.
1108 935 1140 1012 3,
1159 937 1212 1013 61,
1235 938 1284 1003 12.
1327 937 1352 995 Ι
1367 949 1497 995 nuncet

337 1037 418 1094 viras
437 1036 598 1115 fugientia
618 1047 751 1113 tempora
771 1036 867 1093 verule
887 1035 1045 1094 Divitibus
1072 1039 1178 1103 coenis.
1221 1038 1306 1117 (Vide
1327 1041 1365 1099 ad
1385 1046 1497 1099 ulrum-

337 1158 395 1215 que
410 1137 505 1197 locum
525 1138 731 1219 Burmannus.)
771 1139 875 1198 Senes.
898 1141 935 1198 de
953 1140 1061 1199 Brevit.
1083 1141 1134 1198 vit.
1157 1143 1208 1205 12.
1254 1140 1279 1199 I
1290 1162 1373 1199 nunc
1393 1152 1422 1198 et
1438 1143 1497 1199 mi·

337 1260 401 1298 uros
419 1240 517 1298 malm
537 1244 657 1300 mentr'ri
676 1242 721 1300 ad
738 1239 978 1319 exprobrandam
996 1240 1148 1301 lrrruriam
1161 1253 1250 1319 puta.
1291 1244 1336 1303 Id.
1350 1245 1387 1302 de
1400 1245 1496 1303 Bene·

337 1344 385 1401 lie.
400 1345 432 1421 6,
451 1344 503 1407 35.
548 1344 669 1403 Inane
690 1356 719 1401 et
738 1345 795 1403 Ιιοο
816 1365 877 1402 esse
894 1344 979 1423 grati
993 1355 1084 1423 puta,
1106 1344 1189 1423 quod
1211 1365 1249 1402 ne
1269 1346 1410 1425 ingratus
1429 1348 1498 1425 qui-

337 1446 406 1504 dem
417 1447 548 1524 faceret.
593 1448 637 1507 ld.
658 1448 752 1527 Epist.
773 1450 826 1511 88.
870 1446 891 1506 I
909 1469 991 1505 nunu
1018 1458 1047 1504 st
1066 1446 1190 1525 longam
1211 1466 1272 1505 sese
1289 1450 1385 1506 vitam
1405 1468 1495 1525 nega.

336 1548 382 1607 Id.
405 1549 523 1608 Consul.
545 1551 581 1608 ad
596 1550 680 1611 Helu.
700 1554 731 1614 6.
755 1552 807 1614 10.
852 1551 926 1609 Plin.
939 1551 1032 1629 Epist.
1055 1546 1086 1625 4,
1109 1552 1161 1625 27,
1182 1547 1214 1613 4.
1258 1550 1279 1610 I
1297 1572 1388 1627 nunc,
1410 1553 1497 1630 quir-

338 1653 407 1730 quio
433 1672 541 1723 amas,
578 1674 683 1713 amare
708 1654 782 1712 noli.
826 1654 907 1713 Fons
938 1660 983 1711 est
1012 1652 1152 1711 Homerus
1183 1655 1213 1711 in
1234 1653 1324 1713 iliade
1345 1652 1383 1733 3,
1421 1653 1496 1719 432.

337 1755 471 1813 laudatus
492 1775 511 1813 a
530 1754 675 1834 Wagnero
702 1760 732 1816 in
752 1758 883 1816 Horatio
908 1775 924 1812 s
952 1755 1076 1813 Graecis
1103 1754 1262 1815 illustrato.
1305 1756 1351 1817 De
1374 1756 1499 1817 formula

336 1858 401 1936 ipsa
415 1867 548 1917 accurate
562 1860 632 1918 dixit
646 1858 829 1929 Lambinus,
846 1878 932 1937 quern
951 1859 1081 1937 sequitur
1099 1856 1249 1930 Orellius;
1272 1860 1347 1917 adde
1368 1858 1497 1917 Schmid.

337 1961 426 2019 adh.
450 1959 470 2018 l.
492 1961 593 2019 Heius.
614 1962 652 2020 ad
673 1962 760 2020 Ovid.
783 1961 883 2021 Amor.
894 1962 927 2038 8,
948 1961 980 2037 3,
1005 1963 1035 2024 1.
1078 1957 1182 2018 Loers.
1204 1961 1242 2019 ad
1263 1963 1354 2039 ejusd.
1375 1960 1497 2020 Heroid.

337 2062 465 2138 4‚127.
508 2063 770 2144 Bartb.adProp.
794 2070 830 2142 2,
853 2067 910 2141 29,
933 2068 984 2130 22.
1029 2061 1112 2121 Web.
1138 2062 1336 2123 etHeinr.ad
1355 2064 1419 2122 Juv.
1442 2065 1498 2141 10,

339 2164 412 2225 166.
456 2164 545 2223 Baalr.
567 2169 605 2226 ad
630 2169 716 2227 ovid.
740 2169 810 2227 Met.
840 2168 899 2243 12,
936 2164 1009 2230 475.
1053 2164 1160 2225 Hauth.
1188 2166 1226 2223 ad
1256 2166 1338 2225 Pers.
1369 2188 1399 2245 p.
1423 2167 1496 2232 288.

338 2266 457 2345 Forbig.
479 2271 517 2327 ad
538 2268 617 2346 Virg.
638 2268 712 2328 Aen.
735 2274 773 2347 7,
811 2267 885 2334 425.
933 2268 966 2326 0.
992 2268 1030 2329 F.
1051 2268 1213 2325 Hermann
1233 2268 1268 2325 in
1283 2266 1360 2346 Aug.
1381 2267 1496 2327 Subula.

343 2370 433 2433 1883.
456 2390 486 2447 p.
511 2370 585 2432 337.
629 2371 747 2430 Omissa
770 2377 839 2449 post
864 2390 948 2429 nuno
973 2370 1112 2448 particula
1139 2380 1167 2427 et
1196 2368 1242 2449 (ut
1258 2368 1346 2448 Prop.
1369 2370 1407 2447 8,
1444 2371 1498 2447 16,

339 2470 410 2550 (17)
439 2472 491 2533 17.
519 2473 576 2530 vid.
598 2472 729 2532 Huscbln
751 2475 788 2533 ad
817 2472 886 2531 Tib.
909 2472 943 2533 ll.
966 2492 996 2550 p.
1020 2470 1096 2552 532)
1122 2490 1180 2531 non
1209 2479 1255 2531 est
1283 2473 1344 2532 eine
1375 2474 1500 2550 quadam

338 2572 461 2632 acerbae
492 2574 715 2651 adhortationis,
750 2578 770 2635 i.
791 2596 818 2635 e.
838 2577 1033 2653 castigationis
1049 2574 1175 2633 notione.
1202 2606 1245 2618 -
1273 2586 1433 2653 argentum
1454 2610 1499 2621 -

338 2695 480 2755 ovaque.
524 2676 655 2736 Eandem
675 2697 736 2737 rem
755 2680 849 2758 tangit
869 2680 931 2737 Sat.
954 2680 993 2754 1,
1011 2674 1043 2754 4,
1063 2680 1114 2741 28.
1157 2676 1255 2733 Hune
1276 2679 1359 2755 capit
1378 2681 1501 2755 argenti

337 2777 497 2856 splendor,
518 2789 618 2858 stupet
636 2778 752 2837 Albius
770 2799 859 2851 aere,
887 2777 937 2837 ubi
958 2778 1024 2838 vide
1042 2778 1193 2837 Heindorf.
1216 2786 1246 2837 et
1266 2780 1304 2837 ad
1322 2780 1384 2839 Sat.
1403 2783 1441 2858 2,
1463 2780 1497 2858 8,

338 2882 392 2947 21.
434 2882 593 2959 ltaEpist.
617 2886 716 2960 2,2,
740 2884 812 2946 180.
860 2882 1024 2953 Gemmas,
1045 2901 1192 2955 marmor,
1214 2879 1309 2952 ebur,
1344 2880 1500 2961 Yyrrbena

339 2982 456 3061 sigilla,
479 2982 620 3053 tabellas,
640 2984 815 3063 Argentum
832 2993 889 3045 etc.
937 2986 1016 3043 Sunt
1037 2988 1091 3064 qui
1111 3004 1172 3042 non
1187 2981 1329 3041 babeant.
1375 2984 1438 3043 Vid.
1458 2984 1498 3042 ibi

338 3086 434 3146 Sebna
449 3095 480 3146 et
499 3087 537 3144 ad
551 3085 646 3165 Epist.
662 3088 693 3163 1,
715 3087 768 3162 16,
789 3089 841 3153 76.
884 3089 947 3147 Cic.
962 3088 1104 3148 Paradox.
1127 3088 1158 3165 5,
1181 3090 1212 3163 2,
1234 3086 1286 3149 36.
1302 3086 1497 3165 ibiq.Gernl1.

334 3192 410 3267 pari
428 3188 557 3246 stultitia
577 3199 669 3258 sunt,
691 3208 766 3266 quos
785 3192 877 3269 signa
886 3232 899 3261 ,
920 3210 994 3270 quos
1015 3188 1159 3260 rabulae,
1181 3208 1255 3269 quos
1276 3188 1427 3247 caelatum
1447 3206 1499 3244 ar-

336 3302 476 3372 genuino,
498 3310 572 3369 quoe
594 3289 751 3348 Corinthia
770 3311 875 3369 opera,
895 3312 972 3371 quos
992 3291 1134 3367 aedificia
1152 3291 1259 3371 magni
1297 3310 1318 3347 a
1339 3288 1497 3347 delectam.

338 3396 382 3453 ld.
404 3413 448 3472 pr.
469 3394 559 3453 Rosc.
581 3392 678 3452 Aruer.
700 3389 754 3469 46,
777 3394 848 3456 133.
871 3394 941 3473 ibiq.
962 3393 1058 3454 Moab.
1081 3392 1187 3452 ‹lomus
1203 3394 1313 3472 referta
1333 3392 1415 3450 vasis
1440 3392 1498 3449 Co-

338 3496 460 3556 rinthiis
481 3506 509 3553 et
525 3494 663 3553 Deliacis
685 3527 727 3544 -
752 3496 838 3573 Quid
853 3508 1010 3575 praeterea
1031 3496 1141 3555 caelati
1160 3496 1302 3577 argenti?
1323 3495 1400 3575 quid
1418 3505 1498 3553 stro-

336 3598 433 3680 gnlue
452 3598 565 3657 vestis?
599 3597 676 3678 quid
690 3601 847 3677 pictarum
876 3596 1073 3656 tabularum?
1111 3599 1188 3677 quid
1206 3597 1385 3678 sr'gnonrm?
1422 3595 1500 3675 quid

338 3703 498 3763 marmoris
518 3703 605 3780 apud
623 3702 714 3759 illum
730 3701 849 3780 paraus
871 3701 953 3759 esse?
972 3702 1015 3761 ld.
1038 3701 1119 3760 Verr.
1140 3703 1172 3780 4,
1194 3704 1246 3779 27,
1269 3704 1320 3766 62.
1364 3700 1453 3759 Tusc.
1464 3696 1496 3775 6,

339 3808 392 3884 35,
416 3807 488 3873 102.
529 3807 612 3866 Lael.
637 3806 687 3884 15,
710 3806 761 3869 65.
804 3808 924 3865 Sueton.
947 3807 1034 3865 Caes.
1057 3800 1110 3867 46.
1153 3805 1256 3864 Seuec.
1279 3804 1316 3862 de
1336 3803 1422 3861 Brev.
1446 3803 1495 3863 vit.

341 3911 393 3972 12.
414 3911 451 3969 de
471 3909 631 3987 Tranquill.
653 3928 699 3968 au.
723 3913 753 3972 1.
796 3910 913 3968 Consul.
935 3911 972 3969 ad
993 3908 1077 3970 Helu.
1094 3910 1142 3971 11.
1158 3915 1189 3967 et
1206 3927 1279 3985 quos
1300 3906 1399 3965 laudat
1412 3906 1496 3964 Cort.

340 4014 378 4069 ad
398 4012 468 4072 Sall.
490 4015 561 4072 Cat:
579 4017 631 4091 11,
653 4016 683 4077 6.
706 4015 767 4089 20,
803 4016 853 4078 12.
895 4014 1069 4088 Argentum
1089 4019 1186 4069 autern
1212 4009 1337 4087 intellige
1358 4028 1427 4067 vesu
1448 4026 1497 4065 ar-

338 4123 445 4193 gentea
456 4136 475 4175 a
495 4126 593 4178 vetere
614 4116 739 4193 quodam
752 4118 862 4176 artifice
884 4119 971 4191 sacta,
993 4122 1026 4173 ut
1040 4114 1142 4175 Juveu.
1159 4117 1189 4189 1,
1211 4115 1262 4176 76.
1278 4110 1360 4192 (ibiq.
1373 4112 1495 4191 Rupert.

339 4226 370 4277 et
389 4218 505 4298 Heiur.)
545 4219 669 4279 Martini.
684 4222 735 4296 11,
757 4220 810 4295 71,
832 4221 876 4295 8.,
898 4237 1042 4287 marmor,
1062 4215 1223 4295 anaglypha
1244 4222 1274 4273 et
1295 4222 1407 4273 statuas
1428 4220 1496 4288 eto,

339 4327 372 4378 ut
391 4329 471 4380 reete
493 4324 647 4383 observant
665 4321 767 4382 Solum.
787 4331 818 4382 et
838 4321 979 4384 Orellius.
1022 4319 1067 4379 De
1087 4320 1182 4378 studio
1204 4318 1361 4375 marnatis
1377 4313 1498 4375 Solmu‘-

340 4421 408 4478 dius
428 4423 527 4484 laudat
547 4426 621 4485 Plin.
642 4423 681 4487 H.
700 4424 742 4484 N.
764 4426 823 4501 36,
860 4422 891 4485 5.
911 4425 959 4498 6.,
992 4425 1021 4481 in
1042 4424 1206 4481 uuiversum
1227 4421 1303 4479 conf.
1322 4418 1438 4478 Dissen
1460 4416 1498 4473 ad

342 4518 410 4580 Tib·
431 4526 464 4601 3,
484 4526 517 4601 3,
540 4527 590 4588 13.
632 4524 736 4585 Loers.
757 4527 795 4585 ad
812 4526 900 4586 Ovid.
916 4524 1007 4585 Trist.
1021 4525 1054 4601 8,
1077 4528 1107 4602 1,
1128 4525 1179 4589 61.
1223 4524 1359 4583 Ceterum
1378 4520 1498 4599 Epithe-
