3450 5334
243 538 284 604 21
360 530 646 595 COMMENTARll
661 532 704 593 IN
719 532 889 595 HORATll
904 531 979 592 LlB.
989 532 1010 594 1.
1027 532 1152 593 EPIST.
1165 531 1271 593 SEXT
1272 578 1281 597 .
1340 530 1407 594 289

241 724 362 799 rstimu,
393 722 472 799 „uni
498 736 619 798 aequum
642 719 739 779 virtuti
770 726 856 798 atque
878 720 940 796 ejus
967 722 1112 797 amicis,“
1148 722 1254 780 adres
1279 740 1339 779 non
1366 723 1408 781 ita

242 827 378 887 honestas
403 844 439 884 ea
464 830 560 883 mente
587 842 652 882 esse
680 821 877 897 cohortatum,
909 826 940 880 ut
971 826 1133 883 constanb'a
1164 823 1303 901 quaedam
1331 825 1408 883 vitae

242 924 431 989 servarunt
457 926 550 987 Recte
576 926 663 1003 igitur
699 921 875 983 Groebelius
897 926 1046 1002 utriusque
1066 926 1120 985 viri
1143 927 1407 1005 interpretationem

240 1030 431 1111 improbavit,
456 1047 619 1107 quanquam
642 1028 686 1085 vir
709 1026 757 1085 ille
778 1028 961 1089 doctissimus
979 1030 1010 1087 in
1032 1027 1110 1087 aliud
1132 1029 1303 1087 contrarium
1324 1028 1407 1087 vide-

241 1138 288 1190 tur
311 1132 463 1207 incidisse,
492 1149 578 1207 quum
604 1130 809 1189 sententiarum
837 1131 967 1189 ordinem
994 1150 1061 1190 esse
1089 1128 1253 1207 opinaretur
1278 1129 1406 1188 huncce:

241 1232 431 1311 „Primarium
460 1237 489 1291 et
513 1232 632 1292 maxime
657 1232 734 1291 vitae
763 1232 870 1292 beatae
898 1234 1072 1311 praesidium
1102 1252 1136 1290 eo
1168 1232 1344 1308 continetur,
1375 1238 1408 1291 ut

242 1336 326 1417 plane
346 1335 424 1395 nulle
444 1354 496 1411 re,
522 1335 626 1394 nedum
649 1332 694 1391 his
720 1333 904 1398 humanarum
931 1354 1026 1395 rerum
1054 1334 1184 1392 ludibriis
1209 1353 1244 1393 ac
1272 1335 1407 1395 sordibus

241 1438 421 1519 perturbere.
464 1438 529 1497 Hoc
557 1438 598 1495 ita
626 1455 723 1495 verum
753 1440 816 1512 est,
850 1444 898 1514 ut,
935 1438 982 1515 qui
1010 1456 1095 1497 secus
1129 1436 1237 1495 sentiat
1265 1457 1300 1496 ac
1329 1438 1406 1495 vitae

241 1539 406 1598 felicitatem
420 1540 561 1617 animique
574 1537 807 1615 tranquillitatem
821 1539 868 1597 vel
890 1541 920 1599 in
934 1540 1040 1599 divitiis
1058 1536 1098 1617 (v.
1118 1536 1260 1617 32-48)
1281 1539 1328 1598 vel
1348 1546 1403 1598 etc.

241 1643 365 1721 positam
385 1646 483 1720 putet,
508 1642 571 1720 ipso
592 1660 687 1701 eenuu
708 1660 803 1701 rerum
824 1641 921 1699 studio
944 1641 991 1701 vel
1011 1662 1066 1700 usu
1084 1641 1231 1700 convietus
1251 1642 1282 1701 in
1297 1661 1405 1701 summo

242 1765 275 1804 se
299 1764 397 1806 errore
419 1744 526 1802 versari
553 1742 709 1821 intelligat,
732 1744 963 1823 quandoquidem
992 1764 1027 1803 ea
1051 1743 1161 1817 omnia,
1193 1744 1255 1801 sive
1276 1750 1310 1801 ut
1321 1745 1406 1821 fines,

240 1848 301 1907 sive
330 1851 362 1905 ut
382 1846 545 1924 adjumenta
566 1850 751 1924 spectantur,
782 1866 868 1924 quum
892 1864 945 1925 per
966 1865 1000 1905 se
1020 1851 1050 1905 et
1072 1850 1173 1903 mura
1195 1864 1263 1920 sua,
1284 1851 1345 1904 tum
1367 1847 1405 1904 ob

241 1950 427 2029 cupiditates,
456 1949 579 2025 quibus,
601 1949 649 2025 qui
674 1968 709 2007 ea
732 1950 880 2027 sequitur,
909 1948 1093 2027 perturbetur
1114 1965 1234 2007 necesse
1263 1954 1326 2025 est,
1351 1950 1405 2006 ob-

239 2057 308 2112 sunt
327 2051 443 2130 potius,
473 2070 557 2128 quam
576 2056 699 2129 prosunt
721 2052 797 2111 vitae
818 2050 968 2126 felicitati,
994 2050 1171 2126 animumque
1193 2055 1226 2109 ut
1248 2052 1341 2126 curis,
1365 2052 1405 2109 ita

241 2173 344 2233 corpus
375 2152 519 2213 laboribus
547 2154 686 2230 fatigant,
721 2154 823 2230 quibus
849 2153 972 2231 quidem·
989 2151 1062 2229 ipsis
1086 2150 1174 2210 levari
1196 2171 1229 2211 se
1252 2154 1404 2230 unusquis-

240 2277 296 2335 que
323 2275 407 2335 quam
433 2256 552 2315 maxime
578 2256 689 2333 cupit.“
731 2256 763 2315 Si
791 2255 863 2315 haec
893 2259 974 2314 esset
995 2252 1104 2312 Poetae
1131 2274 1229 2332 mens,
1255 2275 1315 2313 nou
1340 2275 1405 2313 eum

239 2379 300 2421 rem
326 2364 385 2417 tam
411 2358 525 2437 planam
557 2361 587 2417 in
615 2359 756 2419 incertum
786 2364 874 2436 atque
896 2358 1058 2435 ambiguum
1083 2355 1291 2434 implicaturum
1314 2358 1405 2417 fuisse

240 2463 418 2522 crediderim.
460 2460 666 2535 Difficultatem
685 2460 768 2538 hujus
787 2459 938 2539 Epistulae
950 2461 1147 2535 argumentum
1169 2465 1247 2518 recte
1262 2462 1405 2518 enodandi

240 2584 325 2643 quum
353 2564 428 2623 bene
454 2564 595 2622 sensisset
621 2561 796 2633 Bubetios,
824 2559 1081 2640 Francogallorum
1108 2560 1177 2619 olim
1201 2563 1288 2621 decus
1316 2568 1404 2640 atque

238 2666 376 2727 inclutum
409 2684 533 2741 nomen,
565 2684 667 2724 novam
695 2666 837 2743 quandam
868 2666 924 2724 sibi
956 2662 1130 2741 excogitavit
1155 2663 1311 2740 rationem,
1347 2685 1404 2743 qua

240 2770 379 2827 Gordium
393 2766 471 2825 illurn
487 2766 592 2825 nodum
612 2787 671 2827 non
693 2774 752 2827 tam
774 2768 915 2843 solutum,
939 2784 1024 2843 quam
1044 2765 1166 2822 incisum
1179 2765 1287 2824 videas.
1325 2767 1404 2835 Quid

237 2870 349 2929 multa?
378 2868 571 2948 Transposuit
590 2888 690 2929 versus
710 2869 766 2929 hoc
788 2870 902 2947 quidem
922 2867 1037 2926 ordine:
1065 2862 1180 2927 1-14.
1199 2863 1334 2928 28-48.
1350 2871 1401 2929 17.

240 2974 291 3035 18.
307 2972 443 3036 20-23.
466 2968 605 3035 49-55.
629 2971 680 3037 19.
698 2968 835 3036 24-27.
860 2970 998 3031 66-66.
1023 2966 1072 3030 16.
1092 2966 1142 3029 16.
1159 2967 1211 3027 67.
1234 2968 1286 3029 68.
1320 2970 1402 3038 Quae

238 3074 283 3133 vir
297 3072 345 3133 ille
370 3081 454 3134 acute
468 3076 582 3151 docuit,
607 3074 648 3133 ita
669 3078 834 3153 comparata
858 3078 940 3148 sunt,
965 3077 998 3129 ut
1025 3069 1125 3129 eximie
1151 3068 1256 3127 saciant
1279 3072 1402 3129 adeam

238 3194 323 3253 quam
343 3178 474 3253 equidem
496 3178 644 3253 ingressus
665 3196 728 3237 sum
748 3174 958 3253 interpretandi
979 3174 1135 3248 rationem,
1167 3172 1208 3229 ita
1228 3177 1278 3248 ut,
1311 3174 1336 3229 si
1357 3174 1402 3229 dia

237 3279 410 3357 sputationis
428 3296 564 3338 summam
585 3277 631 3336 hic
645 3298 781 3337 curavero
797 3280 873 3357 typis
894 3274 1035 3351 describi,
1061 3275 1200 3333 lectorum
1220 3294 1266 3333 me
1288 3294 1401 3352 sperem

236 3382 369 3441 inituram
394 3400 459 3439 esse
480 3380 609 3459 gratiam.
651 3379 816 3459 Disputatio
838 3380 886 3437 illa
909 3378 1015 3457 legitur
1038 3379 1067 3437 in
1089 3378 1306 3457 „Renurrques
1329 3376 1401 3434 Ine'-

238 3483 315 3543 dites
335 3484 379 3543 clu
398 3483 553 3563 president
569 3482 706 3540 Bouhier
715 3525 727 3554 ,
749 3482 786 3540 ds
799 3482 976 3561 Breitinger
996 3490 1024 3537 et
1043 3480 1086 3537 du
1100 3478 1178 3536 Pe‘re
1197 3478 1302 3538 oudin
1310 3521 1323 3550 ,
1348 3500 1402 3537 sur

238 3586 380 3667 quelques
392 3605 542 3666 passages
559 3580 715 3643 d'Horace
722 3626 736 3655 ‚
754 3606 828 3643 avec
844 3605 903 3642 une
920 3582 1005 3641 lettre
1021 3604 1075 3640 sur
1096 3580 1162 3638 sA.
1188 3581 1227 3642 Ρ.
1249 3593 1276 3639 et
1296 3602 1350 3639 sur
1368 3581 1400 3639 la

241 3690 307 3749 Sat.
329 3688 396 3765 IV,
418 3690 492 3748 Liv.
509 3686 577 3761 II.‚·
598 3686 738 3767 publidss
755 3708 817 3765 pur
842 3688 883 3745 G,
899 3685 1062 3762 Pruuelle,
1081 3688 1216 3744 Docteur
1233 3696 1261 3741 et
1277 3682 1400 3741 Biblio-

238 3790 368 3849 tlsdcaire
392 3790 429 3851 de
457 3792 652 3851 I'Urss'vsrss'td
679 3791 717 3849 de
747 3788 944 3867 Montpellier
969 3795 1024 3848 etc.
1058 3786 1080 3847 ὰ
1103 3790 1218 3860 Paris,
1245 3785 1315 3844 class
1333 3785 1400 3841 De-

236 3890 330 3972 lungs
350 3899 405 3954 etc
423 3894 515 3958 1807.
529 3916 559 3974 p.
575 3893 619 3957 80
640 3912 706 3971 sqq.
750 3890 874 3971 „Avant
887 3910 943 3969 que
964 3890 1140 3970 d'erpliquer
1160 3892 1203 3972 (p.
1219 3886 1274 3966 82)
1288 3888 1315 3946 le
1330 3907 1398 3945 sens

236 3995 274 4053 de
301 4000 378 4055 cette
403 3996 511 4074 epitre,
534 3997 646 4056 suivant
668 4015 724 4075 que
743 3998 774 4074 je
801 3996 883 4055 siens
905 3994 941 4054 de
963 3994 991 4053 la
1020 4014 1161 4073 exposer,
1188 3995 1208 4052 il
1233 3992 1296 4050 faut
1315 4008 1397 4047 mon-

236 4102 296 4157 trer
320 4116 376 4174 que
405 4097 443 4155 de
473 4097 501 4156 la
531 4100 657 4159 muniere
684 4098 755 4157 dont
784 4097 839 4157 elle
869 4101 915 4156 est
938 4098 1011 4155 daus
1035 4095 1078 4157 les
1103 4096 1289 4170 manuscrits,
1320 4092 1398 4152 aussi

236 4198 302 4256 bien
326 4218 382 4275 que
403 4200 476 4257 dans
496 4200 540 4259 les
563 4200 724 4281 imprimes,
747 4221 785 4259 on
804 4220 840 4259 ne
858 4205 929 4277 peut
953 4218 990 4258 en
1009 4201 1079 4259 tirer
1098 4218 1191 4259 aucun
1204 4218 1272 4259 sens
1286 4198 1397 4255 raison·

234 4300 330 4359 nable.
373 4298 417 4359 Le
441 4301 557 4361 dessein
588 4302 749 4379 d'Horace,
778 4303 803 4361 si
831 4300 892 4359 l'on
919 4318 956 4359 eu
985 4304 1059 4360 croit
1077 4301 1121 4359 M.
1142 4300 1266 4376 Dacier,
1294 4302 1340 4359 est
1360 4297 1397 4355 de

234 4404 306 4462 faire
330 4404 393 4462 voir
414 4422 470 4481 qne
496 4403 603 4465 c'estb
626 4410 686 4464 tort
707 4424 763 4483 que
784 4423 857 4463 nous
883 4402 1042 4462 chercbons
1063 4408 1146 4461 nobe
1171 4400 1309 4463 veritable
1331 4400 1397 4459 bien

234 4508 307 4565 dans
328 4506 372 4565 les
393 4506 537 4565 ricbesses
559 4511 589 4565 et
614 4508 686 4566 dans
707 4507 751 4567 les
776 4506 936 4577 honneurs3
961 4510 1068 4581 etque
1091 4508 1157 4562 tout
1183 4525 1216 4563 ce
1239 4503 1398 4581 quiescite

232 4608 308 4673 dans
332 4628 385 4668 nos
411 4628 513 4669 coasts
537 4607 725 4669 l'admiratiou
747 4630 784 4669 ou
808 4608 931 4684 l'ensie,
957 4626 976 4684 y
1001 4608 1092 4665 excite
1112 4626 1165 4685 par
1189 4628 1229 4666 un
1249 4608 1323 4666 suite
1346 4608 1397 4665 ne'-
