3450 5334
367 505 431 571 324
480 503 766 568 connENTAnn
786 503 831 566 IN
851 501 1020 565 HORhTIl
1040 502 1116 563 LlB.
1130 504 1155 563 Ι.
1169 498 1295 567 EPIST.
1309 502 1423 565 suxT.
1489 504 1530 573 52

366 702 426 741 nou
439 686 500 739 tam
513 679 620 737 habere
634 680 672 737 ad
686 679 761 735 vitae
774 695 860 735 usum
872 678 1036 735 necessaria
1044 716 1054 751 ,
1071 694 1157 753 quam
1172 672 1422 755 supervacanea.“
1465 670 1530 751 Alii,

367 794 400 847 ut
425 783 603 864 Xylauder,
626 780 750 839 Gesner.
773 783 804 836 et
829 778 1034 856 Charpeutier.
1059 779 1113 839 hoc
1132 782 1259 859 praecipi
1281 780 1450 857 opinantur:
1472 795 1532 851 „ue

368 890 431 966 quis
452 905 509 945 uua
530 904 563 943 re
583 884 677 957 dives,
696 880 802 939 ceteris
824 900 925 959 egeus,
948 882 1018 941 velit
1038 902 1115 959 esse,
1138 886 1190 943 sed
1208 885 1238 942 id
1254 884 1407 958 unicuique
1420 877 1529 937 sacien-

366 992 445 1064 dum,
471 995 513 1063 ut,
541 984 781 1063 quemadmodum
796 985 916 1061 Crasso,
938 987 1063 1045 omnium
1083 1006 1221 1064 generum
1235 986 1335 1063 copiae
1350 980 1530 1060 supersint.“

366 1090 546 1151 Sententiam
566 1086 716 1145 commode
738 1089 883 1163 expediuit
904 1088 1120 1159 Hocheclerm,
1147 1110 1234 1167 quum
1259 1090 1385 1162 diceret,
1411 1083 1532 1143 Poetam

367 1196 396 1252 id
416 1198 584 1272 spectasse,
606 1195 640 1247 ut
660 1187 706 1246 hic
726 1191 869 1251 rationem
883 1196 1056 1269 modumque
1071 1192 1232 1251 divitiarum
1246 1197 1275 1251 et
1289 1190 1371 1268 quasi
1386 1186 1532 1267 exemplar

366 1300 553 1375 proponeret.
597 1287 638 1348 At
659 1310 709 1348 our
731 1290 822 1351 Poeta
843 1295 1018 1354 mentionem
1037 1294 1139 1354 fecerit
1160 1296 1238 1373 regis
1256 1294 1479 1371 Cappadocum,
1502 1289 1533 1349 id

366 1398 443 1455 haud
457 1396 518 1454 scio
533 1414 572 1453 an
586 1413 620 1453 ex
634 1392 797 1454 reboatum
817 1399 890 1454 actis
912 1396 981 1475 (Dio
998 1398 1081 1455 Cass.
1096 1393 1154 1474 64,
1178 1397 1224 1478 9.)
1244 1394 1328 1455 facile
1346 1393 1532 1471 intelligatur.

366 1532 410 1548 -·
430 1498 482 1555 Ne
493 1497 600 1575 suetis
619 1496 670 1555 hio
692 1508 742 1572 tu,
764 1505 797 1557 ut
819 1498 876 1573 15,
900 1496 952 1563 42.
996 1498 1154 1559 Nimirum
1174 1500 1226 1560 Ιιὶο
1248 1520 1302 1579 ego
1325 1516 1393 1555 sum
1413 1503 1444 1555 et
1463 1496 1530 1555 Jur.

367 1600 399 1676 4,
414 1603 466 1663 36.
483 1620 520 1657 ne
538 1599 590 1658 Ιιίο
610 1609 645 1656 tu
657 1601 710 1677 οἱα,
731 1600 756 1657 si
772 1602 888 1676 quidem
908 1607 988 1660 reete
1009 1606 1131 1682 conjecit
1145 1602 1352 1662 Haisrichr'aa.
1397 1596 1533 1657 Sohund.

368 1709 517 1781 comparat
534 1702 712 1760 Graecomm
726 1695 769 1780 μή
785 1695 878 1783 σύγε]
894 1704 999 1763 collato
1013 1704 1151 1766 Valcheu.
1165 1709 1203 1765 ad
1212 1706 1313 1785 Eurip.
1331 1700 1438 1761 Phoen.
1457 1696 1532 1763 534.

367 1834 411 1851 ·-
436 1803 616 1881 Chhsmydes
636 1804 790 1863 Lucidius
810 1812 867 1865 etc.
911 1806 1041 1867 Eandem
1061 1828 1124 1868 rem
1142 1808 1225 1887 hujus
1247 1809 1305 1868 loci
1325 1824 1435 1867 memor
1448 1822 1533 1864 euar-

368 1914 414 1966 rat
434 1905 607 1965 Plutarchus
626 1909 657 1967 in
677 1912 742 1969 vita
755 1908 885 1967 Lzoeulli
903 1910 934 1971 3.
958 1910 989 1970 9.
1012 1914 1188 1992 Στρατηγοῦ
1209 1909 1243 1974 δέ
1262 1931 1335 1973 ποτε
1356 1911 1533 1987 φιλοτιμου-

369 2006 462 2090 μένον
481 2005 551 2089 περὶ
574 2008 652 2085 θέας
668 2011 722 2074 καὶ
743 2016 826 2095 χορρῖ
845 2009 906 2073 τινὶ
933 2007 1048 2091 κόσμον
1070 2012 1250 2094 αἰτουμένου
1271 2014 1436 2094 πορφυροῖς
1459 2012 1533 2089 χλα-

369 2105 468 2193 μύδας
489 2105 671 2188 ἆκεκρίνατο
692 2111 895 2196 σκεψάμενος,
917 2110 956 2175 ἄν
977 2114 1040 2199 ἔχῃ,
1061 2112 1179 2179 δώσειν.
1222 2110 1302 2177 Εἶτα
1324 2109 1393 2195 μεθ’
1412 2110 1532 2195 ἡμέραν

368 2210 527 2293 ἦροίτησεν
543 2206 651 2293 αὐτόν,
671 2214 793 2283 ὁκόσων
813 2216 929 2282 δέοιτο·
950 2222 1006 2281 τοῦ
1024 2215 1057 2280 δὲ
1078 2215 1183 2281 ἕκατον
1203 2212 1340 2299 οἷρὲσκετν
1361 2212 1532 2297 φήσαντος,

370 2316 505 2381 ἐκέλευσε
524 2318 630 2396 λαβεῖν
649 2317 698 2392 δὶς
713 2317 881 2393 τοσαύτας·
904 2319 947 2393 εἰς
968 2318 985 2382 ὅ
1006 2318 1058 2381 καὶ
1082 2317 1223 2395 Φλάκκος
1244 2318 1263 2384 o‘
1280 2315 1408 2399 ποιητὴς
1428 2317 1533 2381 ἐπατε-

370 2413 524 2499 φοόνηκτν,
551 2415 594 2491 oie
611 2408 654 2481 ὀν’
678 2423 793 2501 νομίζει
813 2425 959 2497 πλοοῖτον,
981 2414 1020 2485 οὗ
1041 2418 1084 2503 μή
1105 2419 1143 2485 rol
1163 2416 1365 2505 παρορώμενα
1384 2418 1437 2483 καὶ
1458 2423 1532 2481 λαν-

370 2519 512 2585 θάνοντα
539 2520 665 2585 πλείονα
694 2525 754 2584 τῶν
786 2525 981 2605 φαινομένων
1010 2524 1100 2588 ἐστιν.
1149 2524 1183 2584 lu
1212 2544 1269 2603 qua
1296 2524 1391 2602 lepida
1418 2522 1535 2599 quidem

371 2623 520 2685 historiola
543 2621 744 2699 Plutarchum,
770 2629 848 2703 quod
872 2629 1059 2687 ducentarum
1078 2634 1191 2687 tautum
1212 2627 1391 2703 chlamydum
1410 2625 1535 2685 mentio-

370 2747 437 2787 uem
451 2726 579 2800 fecisset,
606 2725 782 2785 Gmebelins
796 2720 957 2811 ἆμᾶρτημα
971 2725 1162 2811 μνημονικδν
1181 2730 1331 2788 admisisse
1351 2728 1431 2803 dicit,
1455 2726 1534 2803 quod

372 2849 457 2890 secus
476 2829 598 2888 ridetur.
642 2828 811 2889 Plutarchus
832 2834 918 2909 euim,
942 2835 991 2911 qui
1012 2834 1073 2893 siue
1094 2831 1181 2891 dubio
1201 2830 1314 2890 aliunde
1339 2848 1453 2907 quoque
1471 2847 1534 2886 rem

372 2932 512 3007 novisset,
533 2934 672 2990 ducentas
695 2950 713 2989 a
731 2928 853 2991 Lucullo
877 2953 981 3012 reapse
1006 2936 1109 2993 missas
1130 2931 1246 3009 scribit,
1270 2932 1407 2992 Horatios
1427 2934 1533 3002 autem,

373 3041 445 3112 quot
471 3035 552 3091 dives
576 3031 715 3093 Lucullus
740 3035 856 3093 omnino
881 3034 1022 3095 habuerit.
1067 3038 1239 3112 Quanquam
1263 3034 1369 3092 infitias
1390 3031 1433 3091 ire
1454 3030 1533 3108 uolo,

374 3137 496 3196 Poetam
513 3154 568 3213 pro
589 3154 642 3193 sua
662 3136 773 3195 ratione
793 3157 854 3196 rem
876 3139 967 3216 ipsam
988 3140 1019 3197 iu
1041 3141 1132 3215 majus
1154 3134 1291 3195 extulisse
1314 3134 1413 3195 videri.
1454 3132 1534 3193 Num

374 3244 472 3297 autem
493 3243 609 3315 praeter
628 3236 702 3296 hunc
723 3236 816 3297 locum
837 3248 867 3299 et
888 3238 975 3299 Anth.
999 3260 1044 3317 gr.
1065 3240 1115 3299 111.
1130 3261 1160 3318 p.
1177 3238 1249 3301 176.
1264 3241 1310 3298 ed.
1324 3234 1441 3295 Jacobs.
1456 3253 1533 3293 sum·

375 3359 487 3399 morum
507 3346 658 3417 poetarum
679 3338 789 3416 Virgilii
809 3346 839 3399 et
857 3342 970 3401 Horatii
992 3343 1144 3419 quisquam
1165 3340 1342 3401 Graecorum
1362 3338 1534 3399 mentionem

375 3442 494 3518 injiciat,
515 3460 563 3499 me
586 3440 700 3499 nescire
718 3443 821 3501 fateor.
866 3442 1001 3503 Ceterum
1023 3442 1198 3518 chlamydes,
1222 3460 1296 3519 quae
1317 3442 1434 3523 proprie
1455 3445 1536 3499 aaut

375 3547 472 3601 vestes
494 3542 673 3603 Graecorum
691 3544 839 3621 militares,
862 3566 1024 3624 quanquam
1044 3551 1149 3624 postca
1171 3543 1206 3602 iis
1225 3548 1257 3602 et
1271 3544 1395 3604 Romani
1415 3540 1462 3601 vel
1481 3542 1534 3599 im·

375 3649 526 3725 pecatores
545 3645 592 3703 vel
612 3645 768 3705 nobiliores
791 3654 822 3706 et
841 3648 922 3725 ipsae
945 3648 1077 3708 mulieres
1097 3644 1266 3723 utebantur,
1297 3644 1428 3725 (Ernest.
1453 3642 1533 3703 Clav.

377 3748 439 3805 Cic.
461 3765 489 3804 v.
508 3746 618 3805 Chlam.
642 3747 777 3808 Werusd.
800 3751 838 3807 ad
861 3746 943 3809 Poet.
964 3748 1032 3809 Lat.
1054 3751 1122 3809 urin.
1142 3750 1167 3807 l.
1188 3770 1218 3827 p.
1240 3747 1312 3814 256.
1355 3744 1475 3824 Forbig.
1498 3746 1536 3803 ad

377 3847 457 3926 Virg.
479 3847 552 3909 Aen.
575 3850 608 3926 3,
627 3846 701 3914 484.
744 3850 874 3927 Boettig.
893 3850 993 3910 Sabin.
1015 3850 1039 3909 Ι.
1064 3871 1094 3930 p.
1115 3852 1168 3915 72.
1191 3848 1258 3929 98.)
1279 3867 1383 3909 scenae
1409 3864 1535 3907 commo-

378 3952 465 4009 datae
483 3952 626 4028 rideutur,
648 3951 694 4009 vel
715 3960 748 4010 ut
771 3952 926 4012 histriones
940 3953 1119 4032 splendidam
1139 3952 1263 4030 aliquam
1279 3970 1414 4031 pompam
1433 3951 1463 4007 in
1475 3956 1535 4008 tra-

378 4054 482 4129 goedia
503 4055 563 4112 sive
583 4051 756 4130 triumphum
784 4050 891 4130 (Epist.
914 4060 952 4132 2,
984 4059 1020 4131 1,
1052 4052 1156 4133 190),
1185 4054 1231 4113 vel
1258 4062 1291 4114 ut
1313 4052 1459 4128 comoedi,
1493 4049 1537 4109 uti

378 4153 532 4213 Baearaa
555 4158 688 4236 opinatur
708 4155 739 4211 iu
759 4153 892 4214 Heidelb.
914 4155 1032 4215 Jahrhb.
1055 4156 1149 4222 1830.
1170 4156 1225 4215 Nr.
1240 4156 1292 4222 32.
1313 4176 1343 4235 p.
1359 4154 1432 4229 506,
1454 4171 1539 4231 grae-

380 4275 430 4313 cos
451 4256 580 4317 homiues
601 4258 795 4333 imitarentur,
821 4258 868 4318 cui
889 4258 1015 4337 opinioni
1038 4258 1115 4317 haud
1136 4260 1195 4317 scio
1219 4277 1257 4317 an
1276 4258 1374 4319 obstet
1396 4257 1498 4315 chorus
1519 4273 1538 4313 a

378 4354 533 4417 Plutarcho
554 4366 803 4419 commemoratus.
846 4357 893 4419 hd
913 4378 976 4417 voc.
998 4358 1112 4417 tollerat
1131 4359 1333 4439 intelligendus
1354 4365 1471 4438 praetor
1493 4361 1540 4416 est

381 4455 426 4515 vel
448 4460 564 4538 aedilis,
599 4462 649 4539 qui
671 4460 836 4538 spectacula
856 4458 971 4519 edebat.
993 4492 1033 4504 -
1063 4459 1097 4519 V.
1119 4458 1172 4524 45.
1215 4461 1315 4521 Exilis
1335 4462 1463 4532 ιὶοκταο,
1494 4458 1539 4517 cui

382 4560 525 4617 contraria
541 4567 588 4620 est
600 4562 712 4639 plena,
730 4570 765 4623 ut
786 4561 843 4623 0d.
859 4565 892 4639 2,
913 4564 964 4639 12,
987 4558 1038 4631 24.
1065 4565 1103 4623 cf.
1124 4562 1220 4626 Bentl.
1243 4566 1281 4625 ad
1302 4564 1361 4627 od.
1377 4566 1408 4642 1,
1429 4558 1463 4642 4,
1487 4561 1538 4627 17·
