3450 5334
348 498 633 561 conmutatum
653 498 695 557 ut
711 494 884 556 Romu
903 493 1037 555 urtsr.
1059 490 1170 557 rum,
1190 489 1270 551 um.
1291 492 1318 556 l.
1361 482 1406 549 25

243 680 359 753 terpres
382 668 515 745 carebit,
541 686 582 727 ne
597 688 718 749 semper
728 684 928 747 personarum
946 663 1062 724 ratione
1078 660 1170 720 araxis
1186 656 1290 735 habita
1304 660 1406 721 omnia

242 774 293 833 vel
310 771 447 850 adeum,
467 774 521 855 qui
536 773 655 849 scribit,
679 771 731 829 vel
744 768 784 828 ad
807 788 893 843 eum,
916 764 955 824 ad
969 784 1062 846 quem
1075 764 1230 839 scribimr,
1252 763 1363 823 referat
1374 770 1406 819 et

242 876 302 950 sic,
323 894 401 955 quae
413 875 586 934 communia
604 880 692 948 sunt,
716 872 787 931 artis
801 880 832 929 et
849 880 1023 949 temporum
1039 877 1070 926 et
1081 884 1280 947 personarum
1296 864 1406 924 limiti-

241 975 299 1033 bus
311 977 465 1035 terminet.
507 978 605 1035 Immo
628 969 671 1054 *),
691 972 833 1031 Horatius
850 972 879 1033 is
897 969 1120 1031 existimandus
1134 978 1198 1044 est,
1217 969 1271 1049 qui
1284 976 1337 1026 aut
1351 986 1406 1026 oc-

243 1076 363 1136 casions
378 1078 467 1159 quasi
480 1074 631 1137 scribendi
650 1094 667 1133 a
682 1074 769 1133 certis
781 1060 919 1155 personis
931 1084 1053 1153 sumpta
1063 1092 1155 1154 saepe
1176 1068 1218 1129 ad
1231 1068 1406 1131 communia

242 1188 375 1238 trauseat
389 1178 576 1260 temporibus
589 1178 651 1235 illis
666 1176 795 1252 majora,
820 1185 875 1235 aut
889 1177 1009 1235 etiamsi
1018 1175 1149 1249 scribat,
1166 1192 1248 1255 quae
1262 1170 1405 1251 proxime

242 1279 283 1342 ad
299 1282 401 1361 ipsum
414 1277 497 1341 etad
510 1278 622 1337 amicos
636 1276 804 1357 pertinent,
825 1294 874 1337 res
891 1287 996 1337 tamen
1012 1278 1153 1355 vulgares
1170 1286 1201 1336 et
1218 1282 1288 1332 ante
1300 1273 1404 1332 oculos

243 1384 355 1465 positas
377 1402 472 1464 quum
492 1381 608 1461 ingenii
636 1378 684 1438 sui
712 1380 816 1459 lepore
839 1389 946 1455 ornet,
973 1391 1041 1440 tum
1058 1382 1144 1458 ipsae
1163 1388 1199 1437 ut
1218 1372 1405 1453 expolitione

244 1484 401 1545 distinotm
415 1482 628 1561 splendescant
646 1478 738 1539 faciat
754 1476 809 1563 ⁸⁸).
853 1480 995 1541 ceterum
1018 1501 1178 1542 commune
1203 1488 1249 1538 eat
1267 1476 1405 1536 omnium

243 1586 464 1665 Epistolarum,
486 1595 521 1643 ut
548 1584 643 1644 roua
671 1598 707 1639 ea
727 1592 892 1665 proponat,
922 1585 975 1642 rel
994 1604 1073 1667 quae
1095 1582 1135 1642 ad
1155 1584 1237 1642 vitae
1255 1578 1404 1637 rationem

242 1688 319 1746 bene
335 1706 371 1746 ao
382 1687 535 1767 sapienter
545 1682 710 1746 ineundam
729 1682 956 1746 accommodata
977 1686 1055 1762 sint,
1077 1687 1128 1745 rel
1146 1704 1225 1767 quae
1239 1678 1279 1738 ad
1298 1681 1404 1739 litera-

243 1808 309 1847 rum
324 1787 460 1849 studium
473 1798 540 1848 tum
554 1797 634 1847 recte
647 1785 876 1866 dijudicandum
891 1831 899 1863 ,
919 1796 987 1847 tum
1003 1790 1060 1848 rita
1075 1784 1318 1870 promovendum
1333 1794 1404 1866 apta

244 1900 334 1972 atque
347 1890 459 1951 idonea
472 1890 641 1951 arbitretur.
662 1887 777 1963 Quodsi
787 1888 934 1949 inSatiris
945 1890 1044 1949 multa
1059 1886 1212 1948 hilaritate
1227 1898 1259 1947 et
1271 1888 1335 1946 sale
1344 1888 1405 1944 ali-

244 2010 303 2071 quo
329 1993 418 2073 nigro
439 1994 607 2073 conspersis
627 1988 854 2073 philosophiam
874 1986 1027 2050 mohoavit
1048 1990 1098 2071 (ut
1117 1990 1156 2051 de
1176 1994 1310 2053 Varrone
1329 1986 1404 2047 dicit

243 2091 347 2153 cicero
359 2096 392 2152 in
407 2090 552 2153 sudem.
573 2096 609 2169 1,
622 2093 660 2169 8,
676 2090 724 2169 9.)
744 2092 790 2149 ad
809 2090 1026 2169 impellendum
1046 2096 1141 2165 caus,
1161 2094 1207 2151 ud
1221 2090 1405 2149 edoceam

237 2214 353 2273 parum
360 2236 374 2266 ,
393 2195 426 2253 in
438 2196 583 2273 Epistolis
602 2189 774 2253 inchoatam
787 2194 875 2251 illam
894 2197 1056 2276 perpolivit
1072 2214 1136 2255 non
1151 2195 1319 2254 subtilitate
1333 2194 1405 2275 qui-

243 2296 314 2357 dem
324 2292 508 2371 haerendi,
528 2306 559 2355 at
573 2296 686 2375 majore
706 2295 884 2355 facetiarum
899 2298 1069 2357 urbanitate
1088 2309 1179 2380 atque
1195 2296 1340 2357 orationis
1355 2296 1405 2354 fe-

242 2402 391 2475 stivitate,
413 2407 521 2457 utnon
537 2406 601 2456 tam
612 2396 738 2458 ridendo
752 2398 841 2473 vitia,
863 2420 956 2482 quam
965 2399 1126 2461 laudandis
1140 2400 1302 2459 virtutibus
1316 2397 1405 2481 quasi

241 2499 395 2582 quandam
409 2500 532 2559 rationis
552 2516 587 2557 ao
600 2500 681 2558 ritae
704 2510 887 2579 proponeret
906 2502 1038 2562 formam
1058 2514 1149 2586 atque
1169 2505 1213 2562 ita
1227 2520 1334 2563 omnes
1349 2500 1403 2578 ju-

242 2602 394 2663 cunditate
407 2604 568 2681 temperati
578 2602 662 2661 illius
675 2600 796 2662 dicendi
815 2604 933 2682 generis
956 2615 988 2664 ot
1007 2604 1047 2665 ad
1063 2602 1230 2709 legendum
1246 2614 1278 2663 et
1295 2601 1336 2663 ad
1352 2622 1403 2662 re-

242 2706 318 2763 ctius
330 2701 497 2763 vivendum
512 2702 664 2762 invitaret.
706 2706 771 2763 Hoc
784 2715 887 2764 tamen
902 2707 1020 2765 nonita
1037 2704 1154 2769 dictum
1165 2706 1332 2765 existimari
1346 2726 1402 2765 re-

241 2806 313 2882 lim,
335 2818 370 2867 ut
386 2826 457 2867 oum
473 2806 600 2865 Dacetio
621 2804 732 2863 sentire
754 2806 877 2880 videar,
900 2806 1014 2887 quippe
1028 2804 1082 2887 qui
1097 2828 1138 2866 ex
1149 2808 1256 2867 Satiris
1270 2806 1403 2887 pendere

241 2908 392 2988 Epistolas
411 2906 575 2987 opinetur,
603 2906 713 2988 quibus
734 2908 829 2967 Poeta
846 2902 1075 2987 philosophiam
1095 2911 1245 2968 moralem
1262 2910 1404 2989 persequi

241 3010 381 3069 voluerit.
430 3010 518 3067 Prius
538 3008 620 3065 euim
638 3010 714 3067 vitia
733 3009 894 3068 exanimo
912 3008 1073 3070 evellenda
1090 3012 1206 3087 tohu,
1228 3009 1338 3093 quibus
1348 3029 1405 3089 per

243 3112 355 3171 Satires
369 3109 482 3169 evulsis
490 3109 573 3169 viam
587 3106 627 3169 ad
637 3109 782 3167 rirmtem
797 3110 982 3190 patefactam
991 3113 1066 3192 ipsis
1084 3112 1149 3189 jam
1168 3111 1263 3170 stemi
1282 3129 1317 3169 ac
1331 3130 1403 3191 per-

242 3212 291 3271 lici
303 3210 460 3291 Epistolis.
501 3214 542 3271 At
555 3216 663 3291 politae
672 3229 735 3271 non
750 3210 926 3272 includendi
938 3222 1011 3272 sunt
1024 3224 1088 3272 arta
1101 3212 1190 3272 sactis
1201 3210 1403 3295 philosopho·

243 3334 312 3373 rum
334 3314 487 3374 cancellis.
534 3312 693 3387 Horatius,
714 3330 775 3393 qua
794 3314 853 3373 fuit
872 3315 981 3375 mobili
992 3326 1026 3376 st
1049 3318 1111 3377 leri
1125 3328 1251 3392 natura,
1272 3317 1403 3395 tempori

309 3614 339 3685 ¹)
361 3615 435 3669 Bene
453 3610 487 3665 de
504 3611 556 3665 bac
571 3628 601 3666 rs
619 3608 744 3667 dixerunt
759 3614 907 3672 llostsclier.
927 3620 958 3675 in
967 3618 1068 3675 llerlio.
1079 3616 1191 3673 lsbrbb.
1211 3616 1290 3672 1860.
1306 3614 1345 3669 N.
1357 3614 1402 3670 84.

242 3716 270 3769 p.
283 3700 345 3756 667.
364 3706 392 3754 st
406 3697 538 3769 Stmsgies
554 3697 583 3751 in
596 3697 821 3757 commentatione
839 3704 874 3758 de
885 3706 956 3761 Hor.
967 3706 1059 3780 Epist.
1074 3706 1104 3772 1,
1115 3704 1144 3759 2.
1166 3702 1245 3759 urit.
1258 3700 1294 3756 sd
1305 3700 1401 3755 Viadr.

243 3786 320 3841 1830.
332 3805 361 3857 p.
373 3786 392 3841 2
402 3800 465 3853 sqq.
489 3782 534 3835 Cl.
546 3782 594 3837 rr.
607 3782 711 3837 leeobu
724 3784 814 3843 Verm.
827 3788 941 3845 Schrift.
954 3792 989 3849 V.
1002 3814 1031 3866 p.
1044 3788 1079 3845 18
1090 3804 1151 3857 sqq.

308 3870 351 3941 ”J
375 3868 545 3925 iiiabstodist
555 3867 575 3921 l.
587 3866 605 3921 l.
622 3887 651 3942 p.
667 3870 726 3925 169.
747 3890 835 3929 omnes
847 3876 985 3947 Epistulas
996 3872 1115 3949 poeticas
1126 3870 1161 3925 ad
1172 3878 1228 3927 tres
1239 3868 1402 3943 potissimum

240 3956 343 4029 species
355 3952 488 4011 commode
498 3952 591 4006 reduci
604 3972 682 4025 posse
693 3959 851 4015 arbitratum
864 3978 975 4032 querum
986 3980 1039 4018 una
1050 3960 1086 4014 sit
1096 3958 1278 4029 Epistularum
1287 3954 1400 4010 didacti-

240 4060 345 4111 carurn,
357 4042 442 4097 altera
453 4040 643 4111 elegiacam,
659 4044 741 4099 tertia
749 4045 917 4116 jocularium.
950 4050 994 4104 Ad
1005 4048 1075 4103 illam
1086 4042 1275 4098 didactioarun
1287 4042 1402 4114 speciem

240 4128 374 4197 pertinere
385 4127 497 4183 morales
509 4144 558 4181 seu
569 4126 686 4195 ethicus,
704 4131 796 4199 quales
808 4132 938 4188 Horatius
949 4130 1136 4205 composuerit.
1170 4130 1301 4200 διαπρίει
1311 4126 1401 4183 Hora-

238 4209 272 4263 tii
282 4210 367 4283 ipsius
379 4214 562 4286 Epistolsrum
573 4212 625 4267 duo
637 4211 704 4267 tacit
713 4232 814 4286 genera
824 4235 853 4289 p.
866 4219 902 4286 2,
925 4218 1035 4273 alterurn
1047 4232 1153 4285 mrum,
1176 4232 1245 4286 quas
1256 4214 1291 4269 ad
1302 4223 1399 4271 uuan-

239 4312 291 4367 qus
301 4316 441 4369 personam
458 4306 560 4354 tantum
575 4304 697 4370 spectent
712 4310 740 4355 st
755 4320 800 4358 res
814 4303 939 4370 volgares
955 4304 1061 4376 poitico
1081 4319 1201 4356 sermons
1220 4302 1401 4375 pronuntient,

240 4382 349 4437 alterurn
360 4400 465 4459 earum,
477 4406 547 4460 qnae
557 4404 613 4442 rsm
623 4386 833 4459 philosophicam
844 4393 973 4456 cauus,
986 4406 1073 4459 nsqm
1083 4388 1153 4458 sint,
1170 4392 1202 4442 ut
1212 4386 1307 4443 eicere
1319 4386 1400 4461 diost,

133 4534 135 4539 Ι
241 4472 340 4540 absque
351 4482 505 4541 argmenta
518 4490 550 4529 sc
560 4471 701 4527 mouentis.
736 4470 778 4527 Ad
789 4472 855 4529 illud
866 4488 951 4545 genus
962 4472 1047 4530 refert
1062 4470 1172 4546 Ῑ,6.4.
1185 4473 1213 4529 6.
1225 4476 1253 4531 7.
1264 4475 1292 4530 8.
1303 4474 1331 4531 9.
1345 4474 1399 4546 1³.

241 4554 756 4631 uuumm1‚1.2.s.1o.u,1-s
