3450 5334
405 540 469 607 386
512 540 797 603 contnENTAnss
815 542 861 603 IN
881 540 1049 603 HORATll
1068 539 1143 603 LlB.
1157 541 1181 603 l.
1197 539 1320 603 aelst.
1336 540 1449 605 SEPT-
1491 542 1557 607 114

404 731 534 809 rogando
560 731 713 792 exclamat:
740 731 869 811 Negat?
893 732 951 801 Qui
969 730 1188 808 Coniunctivum
1209 729 1229 789 ἰ.
1251 748 1278 790 e.
1299 726 1468 807 „Potestne
1491 729 1556 789 lieri

405 834 461 893 ut“
479 839 535 892 etc.
553 836 730 912 praeferunt,
748 840 860 894 tanturn
882 833 966 893 abest
980 838 1013 893 ut
1029 832 1133 891 fortius
1154 833 1222 910 quid
1244 831 1379 911 vulgato,
1392 833 1433 891 uti
1454 833 1555 911 opina·

406 942 454 995 tur
473 935 633 1012 Bentlejur
640 979 654 1009 ,
673 944 707 996 ut
724 938 869 996 remissius
892 935 961 1012 quid
982 934 1153 994 habeantet
1173 933 1274 993 lenius.
1318 932 1442 1012 Negare
1461 940 1556 995 autem

405 1038 452 1097 lric
470 1040 624 1116 opponitur
643 1039 687 1116 ei,
708 1040 785 1118 quod
806 1043 852 1097 est
873 1037 1045 1115 promittere
1066 1056 1114 1115 ap.
1136 1036 1198 1095 Cic.
1221 1038 1259 1094 de
1281 1034 1341 1095 Off.
1361 1037 1398 1113 8,
1426 1032 1485 1112 14,
1502 1036 1555 1099 58.

405 1140 452 1201 vel
469 1141 643 1217 promittere
662 1140 707 1199 ad
726 1159 849 1199 coerrom
870 1158 916 1217 ap.
941 1138 1063 1199 Phaedr.
1086 1136 1123 1214 4,
1146 1136 1203 1214 24,
1228 1138 1278 1201 16.
1305 1144 1337 1197 et
1356 1157 1403 1216 ep.
1427 1136 1501 1197 l’lin
1525 1138 1556 1197 in

405 1242 500 1320 Epist.
527 1242 647 1318 1,15‚
671 1245 699 1305 1.
747 1241 922 1301 Groebelim
943 1242 1046 1319 aliique
1066 1240 1185 1319 intelligi
1201 1239 1318 1318 jubent:
1349 1241 1417 1317 „ad
1437 1258 1483 1299 me
1503 1256 1555 1299 se·

405 1345 502 1403 nire.“
544 1344 680 1402 Ceterum
692 1343 723 1401 in
741 1343 786 1401 his
806 1344 902 1403 verbis
928 1344 1097 1402 Torrentius
1114 1344 1268 1401 artificiose
1288 1343 1440 1401 admodum
1459 1343 1555 1401 divitis

405 1464 424 1504 a
447 1464 574 1524 paupere
603 1446 761 1523 contempti
788 1452 901 1523 gestum
922 1447 1000 1507 videt
1026 1464 1201 1525 expressum.
1244 1442 1291 1505 ad
1318 1444 1407 1521 haec,
1436 1452 1470 1505 ut
1487 1446 1556 1503 sunt
1681 1514 1682 1517 Ἰ

405 1567 552 1606 amorum
571 1548 696 1625 ingenia,
717 1546 882 1607 Demetrius
903 1548 967 1607 ille:
990 1547 1096 1626 Negat
1113 1544 1300 1625 improbari.
1318 1564 1346 1605 e.
1365 1548 1555 1626 impudenter,

403 1650 591 1727 pervicaciter
611 1648 668 1728 (C.
690 1646 816 1708 Passov:
841 1648 964 1727 „Frech
985 1652 1104 1728 weigert
1125 1648 1204 1725 er“)
1222 1648 1268 1707 vel
1289 1655 1389 1709 nostro
1410 1666 1557 1707 sermone:

404 1752 480 1828 „der
499 1749 642 1827 Flegel,“
680 1751 757 1826 „der
778 1751 984 1829 Trotakopf,“
1020 1751 1098 1829 quod
1126 1751 1233 1809 mavult
1259 1749 1392 1809 Orelliue
1420 1748 1557 1809 ltalorum

404 1854 467 1912 sine
486 1871 591 1930 magna
611 1853 782 1911 contumelia
803 1855 833 1911 in
854 1873 988 1913 sermone
1009 1852 1138 1911 familiari
1158 1851 1219 1923 „it
1238 1850 1391 1910 ribatdw
1413 1868 1557 1929 usurpan-

404 1953 474 2011 tium
487 1972 655 2031 comparans
671 1957 916 2016 consuetudinem.
952 1955 999 2015 De
1012 1956 1090 2015 vario
1104 1974 1157 2013 rrsn
1170 1975 1199 2013 v.
1214 1953 1340 2031 improb.
1357 1954 1414 2013 aid.
1429 1951 1557 2011 Schmid.

404 2060 436 2112 et
452 2054 583 2115 Hoclsed.
608 2088 651 2100 -
678 2066 706 2113 te
725 2057 869 2138 Negligit
889 2068 945 2117 aut
964 2056 1064 2117 bonet
1082 2058 1103 2117 i.
1124 2076 1151 2117 e.
1171 2063 1222 2116 aut
1245 2057 1383 2116 honorem
1402 2054 1455 2113 tibi
1474 2052 1558 2114 debi-

403 2161 465 2215 tum
479 2164 595 2217 recusat
613 2167 664 2218 aut
680 2165 711 2219 te
728 2161 813 2221 valde
826 2162 991 2238 admiratur,
1009 2180 1104 2239 „prae
1117 2160 1287 2219 verecundia
1299 2164 1331 2217 te
1344 2154 1557 2228 exhorrescit;“

402 2256 459 2319 lroc
481 2259 596 2337 quidem
613 2267 695 2321 recte
712 2264 913 2343 Doerirgisrs,
935 2282 1096 2341 quanquam
1111 2280 1171 2322 non
1191 2260 1287 2321 attulit
1308 2258 1449 2340 exempla,
1468 2276 1558 2338 quare

404 2360 481 2419 conf.
506 2359 612 2419 Catull.
634 2360 697 2438 64,
729 2364 801 2427 159.
831 2364 976 2423 horrebas
990 2368 1088 2443 prisci
1100 2374 1265 2443 praecepto
1281 2365 1432 2442 parentis.
1476 2358 1558 2440 Vmg.

405 2457 478 2519 Aen.
496 2462 546 2536 11,
566 2460 639 2523 507.
689 2464 810 2523 Turnus
826 2466 871 2523 od
882 2467 971 2538 haec,
988 2467 1089 2525 oecos
1110 2465 1261 2527 horrenda
1273 2468 1307 2523 in
1320 2464 1438 2543 virgam
1452 2462 1557 2538 sinu:

410 2559 547 2619 Odecus
569 2560 688 2627 Ilclr'ac.
732 2567 794 2627 Cic.
813 2564 903 2627 Acad.
922 2572 954 2645 2,
975 2569 1029 2646 38,
1048 2571 1120 2635 121.
1141 2569 1280 2629 divinum
1300 2587 1412 2627 numen
1430 2565 1558 2625 home

403 2660 505 2721 Barth.
525 2664 564 2722 ad
585 2662 686 2724 Claud.
706 2664 756 2726 Vl.
780 2667 850 2729 Cos.
872 2669 950 2730 Hon.
971 2671 1023 2733 33.
1051 2679 1081 2731 et
1103 2672 1187 2731 cort.
1210 2670 1249 2731 ad
1268 2664 1380 2730 Lucan.
1405 2667 1446 2744 3,
1483 2664 1557 2731 411.

404 2763 514 2822 Contra
529 2763 721 2842 Lambinus,
752 2789 838 2847 quem
858 2778 1018 2851 sequnntur
1038 2771 1193 2859 Habes„
1218 2770 1323 2832 Solam.
1348 2776 1381 2831 et
1405 2768 1558 2829 Orellius:

402 2864 473 2942 „vel
494 2871 573 2925 tuam
593 2867 770 2930 voluntatem
789 2892 849 2932 non
871 2882 962 2952 curat,
985 2875 1030 2935 vel
1051 2881 1082 2935 te
1104 2877 1179 2955 fugit
1198 2896 1232 2936 ac
1253 2870 1456 2935 reformidat.“
1495 2871 1559 2933 ne-

402 2969 477 3029 ctius
496 2974 592 3029 autem
612 2970 783 3050 interpretes
807 2974 1018 3050 Wielcndiuc,
1042 2979 1179 3050 Vorsaas,
1201 2977 1343 3047 Domus,
1363 2973 1409 3034 laic
1430 2973 1557 3053 quidem:

402 3068 452 3146 „il
470 3068 617 3145 s'excusc3
643 3074 708 3133 Scit
726 3084 859 3156 respect,
886 3079 945 3139 soit
964 3079 1089 3158 mepris,
1118 3080 1195 3139 enlin
1215 3079 1236 3139 il
1255 3100 1326 3140 vous
1347 3078 1485 3139 refuse.“
1526 3076 1557 3138 Ι.

404 3171 555 3231 Maricla
575 3174 644 3250 „Er
663 3175 751 3236 thut’s
773 3177 959 3261 hartniclaig,
992 3180 1056 3241 diclr
1077 3180 1223 3243 schenend
1241 3183 1322 3243 Oder
1342 3179 1557 3242 vcrachtend.“

403 3276 454 3335 Sic
474 3277 537 3336 tere
556 3276 710 3356 loquuntur
730 3282 807 3340 servi
827 3284 949 3343 dominis
969 3282 1136 3361 adulantes,
1167 3286 1253 3344 etiam
1273 3286 1383 3363 nostri,
1405 3284 1453 3363 qui
1475 3302 1556 3362 „vor

403 3379 564 3439 Jemanden
582 3380 712 3459 Respect
732 3383 873 3462 speisen“
894 3385 1000 3445 dicunt.
1043 3382 1090 3444 Ad
1111 3402 1182 3462 rem,
1200 3387 1220 3444 i.
1243 3404 1270 3447 e.
1292 3406 1350 3466 qua
1369 3387 1433 3466 quis
1454 3386 1556 3447 invita·

404 3487 453 3540 tus
473 3501 582 3542 coenae
601 3503 660 3543 non
684 3485 843 3561 adtulisset,
875 3487 913 3547 cf.
933 3485 1098 3549 Hemsterla.
1120 3486 1159 3549 ad
1177 3484 1296 3551 Lucian.
1316 3490 1431 3569 Nigrin-
1454 3492 1506 3557 22·
1524 3506 1554 3569 P·

404 3583 478 3649 261.
498 3582 563 3659 Bip.

487 3682 526 3741 V.
543 3683 693 3747 65-69.
734 3685 879 3749 Postridie
895 3687 1043 3771 Philippus
1058 3690 1173 3753 llleuam
1193 3694 1315 3771 negotiis
1335 3694 1474 3754 intentum
1489 3710 1555 3753 casn

404 3784 536 3862 offendit,
553 3786 593 3845 sd
613 3807 646 3847 se
663 3789 761 3868 allicit,
781 3791 914 3852 allectam
930 3795 1026 3853 reddit
1048 3792 1179 3855 clientem
1199 3794 1427 3875 perofficiosum,
1448 3800 1556 3855 omnm

404 3888 612 3961 convictorem,
629 3890 785 3968 jocularem
803 3894 913 3953 itineris
935 3896 1082 3971 comitem,
1105 3894 1220 3957 beatam
1240 3894 1326 3974 agelli
1345 3914 1555 3976 possessorem,

404 3990 460 4052 sed
479 4008 517 4049 eu
534 3989 678 4054 hominem
697 3999 854 4058 mutatum!
885 3995 1025 4057 Munditie
1049 3996 1158 4058 urbana
1182 4000 1208 4057 is
1238 4000 1344 4059 omues
1371 3998 1406 4058 fit
1433 3998 1555 4059 msticns

403 4111 492 4171 ¹qum
511 4094 560 4171 qui
578 4095 715 4171 mamare,
746 4102 825 4156 totus
845 4096 876 4156 in
895 4116 928 4157 re
949 4100 1112 4175 quaerenda
1138 4109 1224 4179 atque
1251 4100 1384 4180 amende
1408 4105 1472 4176 est,
1503 4100 1555 4159 sed

405 4196 516 4255 damnis
536 4195 710 4257 multimodis
729 4198 878 4277 perculsus
898 4219 917 4258 a
933 4198 1064 4279 Philippo
1082 4205 1207 4282 priorem
1227 4202 1387 4283 praesentis
1406 4208 1555 4281 pertaesus

391 4297 480 4378 petit
498 4298 593 4357 vitam.
634 4296 747 4378 Lepida
774 4318 844 4359 sane
864 4303 1072 4364 narratiuncula
1099 4325 1134 4367 ex
1155 4325 1191 4365 eo
1211 4324 1317 4384 genere
1337 4305 1447 4364 mortis
1468 4305 1554 4364 comi-

406 4415 476 4475 cae,
507 4401 585 4478 quod
605 4400 703 4460 melim
724 4402 846 4460 sentitur
872 4422 956 4481 quam
975 4405 1140 4483 explicatur.
1183 4407 1240 4467 Per
1261 4406 1372 4486 sinenda
1392 4412 1492 4467 ermtes
1510 4408 1553 4467 in·

407 4498 501 4577 signia
518 4508 629 4565 tantum
649 4502 833 4563 enodabimus
852 4511 902 4565 aut
923 4526 996 4585 quac
1016 4508 1150 4587 fugerunt
1168 4510 1354 4587 interpretum
1373 4525 1502 4569 women.
1513 4538 1554 4553 ·-

408 4596 443 4657 V·
462 4601 515 4664 65.
532 4602 585 4665 66.
632 4604 718 4665 Vita
736 4606 911 4667 amoenans
930 4620 1032 4669 scruta
1058 4612 1077 4669 i.
1098 4629 1123 4670 e.
1151 4616 1184 4670 at
1210 4629 1332 4691 praeco,
1362 4608 1481 4672 aliorum
1508 4628 1553 4669 res
