3450 5334
324 485 386 550 130
408 487 687 548 ΟΟΜΜΕΝΤΑΒΙῙ
708 489 749 546 ΙΝ
770 483 1403 546 Hortamulst'.sncuu1t.utu.t
1445 478 1487 549 24

323 659 400 718 ratio
420 655 682 720 accommodatum
703 657 846 732 miretur,
872 656 899 714 is
920 655 1110 729 meminerit,
1138 655 1252 714 multos
1274 674 1316 713 ex
1336 653 1488 714 veteribus

323 763 455 821 Homero
472 781 594 820 omnem
608 761 748 821 tribuisse
762 760 942 840 sapientiem
958 777 993 816 ac
1007 756 1189 833 doctrinam,
1210 758 1335 838 ejusque
1348 764 1488 837 potmata

324 865 387 924 sere
408 865 451 922 ita
466 874 609 922 tractasse
631 873 721 942 atque
736 862 948 940 interpretatos
970 879 1053 934 ease,
1075 857 1335 939 quemadmodum
1352 881 1451 940 nuper
1470 880 1488 918 e

324 967 507 1026 nostratibus
531 967 700 1047 complures
730 961 770 1023 ad
799 964 903 1022 Kantii
925 963 1144 1042 praescriptum
1167 964 1346 1044 scripturam
1372 981 1489 1021 sacram

324 1071 433 1128 morali
454 1069 716 1148 interpretatione,
745 1086 838 1148 quam
860 1073 986 1141 vocant,
1015 1061 1220 1141 adjuvandam
1240 1088 1257 1124 e
1281 1086 1314 1124 re
1333 1085 1390 1125 sua
1406 1067 1490 1123 exis-

324 1173 480 1230 timarunt.
515 1165 979 1231 vid.srallbaumad1>1at.de
995 1167 1316 1250 uep.2,17.p.155.
1349 1169 1491 1226 Ceterum

325 1282 429 1340 utrum
450 1275 594 1333 Horatius
614 1274 679 1352 ipse
701 1268 738 1328 de
752 1274 884 1331 Homero
901 1273 944 1331 ita
961 1275 1106 1346 senserit,
1128 1274 1271 1330 anillam
1283 1273 1407 1330 Homeri
1425 1281 1491 1328 tra-

327 1375 428 1434 ctandi
440 1378 588 1435 rationem
601 1394 664 1434 non
677 1374 781 1432 fecerit
794 1375 853 1432 nisi
870 1373 1127 1442 accommodando
1151 1395 1253 1450 suem,
1276 1375 1403 1434 aliorum
1417 1393 1491 1452 per-

325 1481 414 1537 mitto
437 1476 552 1556 judicio
580 1489 670 1560 atque
695 1477 833 1552 arbitrio,
863 1497 1038 1560 quanquam
1061 1475 1204 1559 equidem
1223 1473 1300 1551 hoc,
1325 1496 1387 1536 uon
1411 1473 1499 1535 illud-

327 1581 476 1640 affinnare
498 1582 606 1640 ausim.
649 1578 730 1639 Illud
747 1589 849 1638 tamen
875 1591 956 1639 recte
972 1581 1121 1639 affirmare
1142 1578 1262 1639 videtur
1279 1576 1444 1636 Diibrserus
1457 1581 1491 1634 in

328 1682 502 1743 doctissima
526 1681 666 1742 editionis
691 1685 863 1746 1·'censura
885 1681 1029 1764 (Seebod.
1049 1685 1125 1741 Krit.
1144 1683 1225 1752 Bibl.
1246 1680 1339 1746 1830.
1355 1702 1388 1762 p·
1403 1681 1491 1760 386.)

327 1787 407 1854 inter
420 1787 481 1844 alia
498 1781 627 1858 laudaps
644 1783 798 1864 Aristoph.
814 1787 890 1843 Rau.
903 1783 978 1849 947.

413 1885 463 1946 sd
477 1907 569 1968 quem
580 1888 713 1945 Lollium
731 1887 801 1946 data
814 1890 853 1946 sit
869 1885 946 1946 haec
962 1889 1115 1968 Epistola,
1137 1906 1249 1967 magna
1261 1896 1308 1946 est
1318 1888 1397 1944 inter
1411 1887 1492 1944 viros

329 1989 434 2052 doctos
453 1991 631 2070 opinionum
653 1987 809 2062 dissensio,
851 1991 1046 2066 Torrentius,
1067 1992 1231 2066 Baxterus,
1251 1991 1412 2062 necerim,
1434 1990 1493 2048 Ja-

328 2095 408 2170 nius,
433 2094 567 2174 itemque
585 2089 787 2172 Glandorpius
814 2091 984 2172 (Onomast.
1011 2113 1042 2174 p.
1066 2091 1170 2172 547.),
1201 2093 1347 2151 Morerius
1374 2087 1493 2171 (Grand

328 2197 461 2254 Diction.
476 2197 620 2278 Historiq.
638 2197 689 2256 tv.
703 2214 734 2274 p·
752 2194 839 2274 192.)
858 2205 888 2253 et
906 2197 1014 2255 Bauer.
1027 2197 1050 2255 1.
1063 2197 1086 2266 l.
1099 2189 1143 2277 *),
1163 2215 1232 2264 eane
1244 2196 1287 2252 M.
1306 2195 1418 2270 bollio,
1441 2192 1493 2280 qui

399 2479 427 2548 *)
452 2480 494 2536 Ad
512 2480 561 2532 bos
578 2469 768 2548 quodammodo
785 2469 889 2535 accedit
904 2481 931 2548 J.
949 2483 984 2541 c.
1003 2476 1058 2547 Ga.
1077 2482 1200 2560 Strage,
1219 2480 1265 2555 qui
1280 2479 1310 2534 iu
1329 2481 1494 2541 Commenta-

330 2568 402 2621 ttoae
429 2566 548 2618 delier.
568 2565 658 2635 Epist.
677 2583 730 2618 sec.
750 2568 811 2620 libr.
830 2569 926 2640 primi,
950 2569 1031 2624 urat.
1056 2568 1090 2622 ad
1116 2568 1210 2621 Viadr.
1229 2569 1305 2622 1830.
1330 2587 1358 2638 p.
1375 2569 1401 2623 9.
1423 2567 1495 2620 inter

331 2653 385 2707 alia
407 2652 448 2706 sic
470 2651 602 2721 disputate
628 2651 676 2720 „in
698 2660 758 2706 tota
773 2653 913 2724 Epistola,
936 2656 962 2708 si
982 2654 1137 2709 vocabulum
1157 2672 1229 2724 puer
1249 2654 1284 2707 V.
1301 2656 1346 2708 68.
1367 2653 1494 2723 excipias,

330 2746 366 2792 tre
389 2739 497 2793 verbum
515 2737 620 2808 quidem
636 2738 731 2806 udae,
755 2757 788 2792 ex
806 2757 858 2809 quo
876 2741 912 2793 ad
936 2758 1046 2812 puerum
1071 2759 1128 2796 eam
1151 2741 1276 2811 scriptun
1294 2758 1353 2794 esse
1370 2739 1496 2808 colligam

331 2823 444 2879 maxima
461 2824 550 2896 potius
567 2823 638 2877 inter
659 2825 727 2878 hanc
742 2824 892 2897 Epistulam
915 2837 944 2882 et
959 2829 1068 2898 primam
1085 2836 1126 2882 est
1141 2827 1316 2882 similitudo.“
1356 2824 1451 2895 Pergit
1465 2843 1495 2879 v.

331 2913 361 2972 t.
373 2931 402 2983 p.
421 2913 464 2969 11.
499 2911 573 2980 „Sed
590 2921 717 2967 nontam
733 2913 825 2982 inepto
842 2915 894 2967 illo
909 2916 1058 2984 sapientiae
1076 2916 1201 2974 doum
1216 2922 1270 2983 ert,
1289 2920 1322 2966 ut
1337 2914 1424 2982 uulgo
1439 2931 1495 2982 pu-

331 3007 423 3069 tatur,
447 2998 551 3052 marai
570 3001 709 3069 epistolum
733 3001 771 3052 cet
796 2999 839 3054 M.
860 3001 979 3054 bellium
998 3011 1106 3072 petrem
1129 3004 1224 3066 worse
1246 3017 1302 3066 esse
1325 3001 1430 3064 credas.
1464 3000 1496 3052 la

330 3087 411 3154 rebus
428 3085 512 3154 enim,
538 3102 607 3156 quae
625 3086 660 3140 ad
679 3086 837 3158 sapientiam
854 3105 993 3158 moresque
1009 3097 1148 3159 spactant,
1174 3096 1264 3142 nostra
1282 3093 1355 3140 aetas
1375 3087 1407 3139 ab
1425 3087 1495 3138 anti-

330 3172 434 3242 quitate
459 3189 534 3242 quam
563 3175 672 3227 maxime
689 3173 834 3244 discrepat.
871 3174 948 3237 Quae
964 3173 1041 3228 nobis
1060 3173 1198 3228 notissima
1213 3181 1290 3242 sunt,
1314 3181 1344 3227 ut
1361 3173 1390 3226 in
1406 3171 1497 3226 schola

331 3251 422 3329 pueris
445 3261 621 3314 commendari
639 3260 755 3330 soleant,
780 3262 813 3315 de
830 3261 948 3331 virtute,
975 3262 1010 3315 de
1027 3261 1107 3315 animi
1122 3259 1367 3332 perturbationibus
1384 3259 1496 3330 aliaque,

330 3361 366 3398 ea
390 3361 443 3397 non
467 3343 559 3408 itidem
577 3345 696 3398 omnibus
722 3355 785 3401 nota
811 3357 888 3401 eraut
909 3347 1048 3414 Romuis3
1074 3349 1230 3418 praesertim
1254 3363 1334 3416 qaam
1359 3363 1446 3416 neque
1468 3347 1497 3399 ia

332 3430 431 3486 scholis
454 3430 532 3502 pueri
552 3429 650 3492 talibus
667 3435 747 3488 rebus
760 3434 977 3503 instituerentu,
1001 3450 1089 3504 nequa
1111 3433 1254 3487 domestica
1278 3433 1399 3487 educatio
1417 3433 1497 3486 certis

331 3518 485 3590 praeceptis
509 3517 544 3571 dc
566 3517 681 3582 motibus
708 3522 859 3592 officiisque
882 3521 1022 3575 niteretur.
1064 3519 1160 3573 Omnia
1184 3519 1254 3573 euim
1277 3520 1373 3591 quibus
1397 3520 1497 3582 animus

333 3613 426 3676 noster
448 3611 476 3656 et
498 3611 635 3674 parentum
658 3605 858 3678 scholarumque
882 3624 981 3679 opera,
1004 3614 1032 3660 et
1055 3605 1258 3660 domesticorum
1282 3606 1499 3678 publicorumque

333 3689 514 3743 institutorum
537 3690 651 3761 auxilio,
673 3699 701 3746 et
724 3701 781 3746 tota
806 3695 942 3748 societatis
965 3693 1094 3747 humanae
1115 3693 1267 3747 conditione
1287 3695 1350 3747 inde
1367 3711 1385 3747 a
1406 3691 1499 3764 primis

334 3775 432 3830 aetatis
459 3776 535 3828 annis
556 3775 695 3846 imbuitur,
718 3779 831 3835 Romani
853 3790 901 3834 aut
923 3799 958 3835 ex
974 3798 1024 3835 usu
1040 3780 1202 3849 vitae,'aut
1225 3797 1259 3834 ex
1275 3778 1499 3851 philosophorum,

335 3863 498 3916 Graecorum
528 3862 657 3931 maxime,
689 3869 855 3938 praeceptis,
889 3868 985 3938 quibus
1016 3867 1098 3920 adulti
1125 3868 1227 3920 demum
1253 3881 1361 3936 operam
1392 3866 1499 3933 dabant,

335 3949 440 4003 discere
462 3948 592 4003 solebant.
634 3951 731 4005 Mirum
749 3953 832 4022 igitur
852 3970 911 4007 esse
929 3971 983 4006 non
1005 3957 1109 4024 potest,
1133 3952 1158 4005 si
1180 3952 1298 4007 homines
1314 3953 1362 4022 qui
1378 3959 1434 4006 tum
1448 3970 1500 4024 pu-

335 4037 460 4104 tubantur
477 4035 667 4106 sapientissimi
689 4039 770 4092 utnlta
785 4048 916 4109 tanquam
939 4056 1010 4093 nova
1025 4039 1216 4110 enuntiabant,
1243 4056 1313 4110 quae
1328 4039 1407 4093 nobis
1422 4057 1501 4109 quarn

336 4122 447 4186 maxime
464 4121 585 4192 vulgaria
608 4124 707 4196 vixque
730 4126 804 4180 dictu
827 4127 909 4197 digna
927 4126 1059 4194 videratur,
1094 4127 1181 4196 Hujus
1197 4125 1240 4182 rei
1254 4123 1367 4198 plurima
1382 4126 1502 4198 exempla

336 4209 413 4268 vides
434 4225 512 4278 quum
537 4209 565 4262 in
591 4211 710 4264 omnibus
740 4213 878 4268 Ciceronis
902 4213 995 4283 libris,
1024 4222 1081 4267 tunt
1104 4213 1215 4270 maxime
1237 4211 1267 4265 in
1288 4213 1347 4281 ejus
1370 4212 1501 4283 epistolis.

336 4294 411 4364 Lege
427 4312 526 4365 quaeso
545 4295 682 4366 epistolam
705 4300 739 4354 ad
757 4300 884 4363 Quintum
906 4301 1016 4354 fratrem
1032 4299 1055 4367 1,
1074 4303 1117 4369 1.,
1136 4299 1252 4369 quitum
1268 4307 1427 4370 propraetor
1444 4305 1503 4354 arat

337 4381 365 4434 in
382 4375 457 4435 Asia.
498 4381 575 4446 Quae
598 4384 677 4439 imtri
702 4386 738 4440 ibi
764 4388 898 4460 praecipit
913 4388 1025 4456 cicero,
1049 4373 1186 4440 mammam
1207 4393 1308 4456 partem
1324 4387 1363 4440 ita
1380 4395 1442 4439 sunt
1457 4385 1501 4439 in-

333 4467 447 4532 stitute,
465 4473 510 4535 ut,
529 4469 554 4522 si
570 4488 604 4523 ex
621 4480 712 4526 nostra
729 4475 863 4542 cogitandi
880 4475 986 4529 ratione
997 4473 1119 4542 judicare
1129 4471 1206 4540 velis,
1223 4471 1314 4543 pueris
1324 4471 1502 4543 potiusquam

339 4554 365 4606 ei
382 4553 455 4621 viro,
473 4553 520 4623 qui
537 4555 687 4613 insomnis
704 4560 848 4616 bonoribus
864 4561 1034 4628 versabatur,
1057 4559 1261 4622 commendanda
1276 4574 1337 4615 ease
1350 4560 1503 4614 rideautcr.
