3450 5334
195 537 235 602 61
282 535 566 601 commun
587 544 628 601 IN
641 544 808 606 nonam
827 547 959 612 liPlS'l'.
973 549 1141 614 sachun.
1162 557 1237 621 hlB.
1255 559 1279 626 l.
1302 553 1362 622 157

195 709 265 767 crit
281 705 322 767 de
335 705 394 767 hac
408 711 570 772 verhormn
587 715 729 792 junctura
751 713 833 796 dixi,
853 739 916 780 non
932 724 992 782 ista
1008 741 1113 783 versus
1129 726 1183 788 29.
1201 727 1241 788 ad
1253 749 1363 808 procos

196 808 366 888 Pmelopee
386 796 493 875 {elatio
509 818 666 895 interjecto
683 820 832 882 vocabulo
847 821 1036 906 Antinoique
1055 827 1153 886 multo
1172 827 1276 891 durior
1294 833 1362 894 esti

196 914 269 973 Non
285 915 346 994 ipsi
358 916 571 998 intelliguntur
587 923 724 982 versibus
742 923 795 988 30.
810 926 862 989 31.
883 925 1053 1004 Phaeacas,
1077 930 1244 992 Demodoci
1264 935 1362 996 modis

196 1027 230 1076 et
246 1015 364 1077 cithara
375 1040 443 1080 sese
457 1022 659 1100 oblectantes,
680 1044 855 1109 quanquam
870 1041 977 1108 sponte
989 1031 1077 1091 nohis
1089 1047 1266 1095 succurrunt
1276 1041 1365 1115 proci

196 1123 246 1179 illi
265 1121 351 1180 idem
366 1123 514 1186 facientes
527 1124 648 1186 Phemii
668 1127 784 1189 cantui
805 1129 854 1190 Ad
873 1134 1029 1211 vulgatam
1043 1132 1266 1196 distinctionem
1279 1141 1364 1199 mul-

199 1233 269 1283 tum
290 1243 411 1307 quoque
432 1229 521 1303 facit,
543 1230 626 1310 quod
644 1231 726 1311 apud
746 1230 939 1294 Athenaeum
959 1237 981 1294 l.
999 1236 1022 1295 1.
1044 1237 1194 1298 luxuriosi
1212 1257 1274 1298 non
1299 1252 1364 1300 tam

200 1349 269 1388 cum
280 1330 543 1414 nonunquam
561 1352 632 1391 carm
650 1333 838 1394 Phaeacibus
857 1349 1068 1416 comparantur
1082 1337 1139 1418 (ita
1156 1339 1309 1402 Plutarch.
1326 1342 1364 1402 de

200 1429 271 1490 laid.
284 1441 316 1489 et
329 1431 440 1490 Osirid.
453 1435 517 1492 Vll·
531 1453 562 1512 Ρ.
576 1435 651 1498 393.
666 1435 759 1496 lisia-t
783 1439 921 1514 Φαίακας
935 1435 1008 1514 τούς
1019 1437 1206 1524 ἁβροβίους),
1221 1445 1363 1527 quodque

200 1537 271 1594 llor.
291 1537 358 1594 sine
377 1533 468 1594 dubiis
486 1534 616 1594 Λίοίαοί
619 1540 812 1610 juvenuttem
830 1544 985 1601 intellexit
998 1547 1072 1604 istos
1086 1543 1138 1607 62.
1151 1548 1289 1624 juvenes,
1309 1552 1364 1630 qui

201 1637 240 1697 ad
261 1639 386 1698 Alcinoi
414 1639 520 1717 epulas
545 1637 670 1699 admissi
696 1660 747 1700 eas
769 1641 904 1704 ludendo
925 1656 954 1704 et
976 1644 1115 1707 saltando
1143 1646 1364 1726 exhilarabant,

201 1740 310 1822 Odyss.
333 1741 365 1817 8,
385 1742 430 1804 86
452 1751 484 1799 at
502 1740 566 1816 55„
596 1740 679 1823 quod
696 1746 749 1804 Vir
773 1743 879 1806 domus
902 1745 1027 1828 quidam
1046 1750 1124 1807 hene
1142 1748 1245 1812 docuit
1261 1764 1364 1813 contra

201 1846 399 1924 liceringium
413 1843 449 1901 in
472 1841 615 1904 Seebodii
634 1843 788 1919 ,Αεοίιίοιι
813 1850 907 1912 1826.
925 1851 999 1909 fasc.
1022 1854 1049 1914 1.
1063 1853 1095 1914 2.
1112 1872 1144 1932 Ρ.
1160 1853 1231 1916 165.
1274 1858 1303 1914 ls
1319 1867 1365 1914 eat

201 1949 249 2004 lir.
263 1947 396 2023 Jacobs,
418 1948 473 2026 qui
493 1944 576 2005 idem
589 1949 787 2028 Doeringium
809 1953 842 2008 in
867 1971 966 2011 errore
984 1955 1116 2032 potuisse
1126 1973 1318 2033 perseverare
1331 1960 1363 2015 in

201 2049 272 2108 edit·
294 2050 388 2114 1828.
405 2058 437 2107 et
456 2049 490 2107 in
507 2048 556 2109 ed.
579 2051 698 2111 minore
717 2051 807 2111 valde
824 2056 969 2130 miratur,
991 2073 1167 2136 quanquam
1184 2059 1237 2116 Vir
1250 2057 1364 2118 doctis-

200 2153 299 2210 simus
313 2149 467 2227 concedit,
489 2153 686 2231 Doeringium
701 2152 740 2212 de
755 2155 882 2215 Alcinoo
896 2157 1037 2216 luxuriae
1054 2155 1155 2217 dedito
1172 2159 1296 2219 laudare
1307 2181 1365 2241 po-

200 2255 298 2313 tuisse
321 2254 422 2313 locum
444 2274 493 2334 ap.
519 2254 649 2315 Suidam
677 2259 715 2314 Π.
744 2277 776 2338 Ρ.
799 2255 874 2321 684.
894 2255 1084 2342 Ὅμηρος-
1096 2257 1229 2344 Νέστορι
1249 2269 1365 2347 γηραιῷ

200 2353 265 2422 ὅντε
281 2355 371 2440 κρίας
386 2351 477 2420 ὀπτὸν
488 2355 564 2438 dodo
584 2359 690 2420 δίδωσι
702 2357 755 2422 καὶ
771 2352 897 2445 Ἀλκίνῳ
910 2357 945 2423 δὲ
957 2357 1106 2446 τρυφερὸν
1122 2360 1267 2451 ᾖρημίνω
1283 2367 1364 2447 βίον,

201 2455 382 2536 recuditur
396 2456 478 2540 ἡμᾶς
491 2455 735 2539 decorticatae
753 2453 893 2525 ἆτοίκιαν
904 2462 1087 2547 ἐπιθυμίαν.
1129 2467 1290 2547 Sequitur:
1312 2467 1365 2532 καί

197 2555 351 2636 ’Λλκίνοος
368 2559 442 2637 vorle
457 2558 707 2645 τρυφερωτάτους
726 2561 834 2626 ἓοτιοῖν
856 2567 1012 2646 Φαίακαςς
1032 2570 1166 2648 potuisse
1191 2590 1365 2652 comparare

201 2667 292 2724 etiam
307 2667 426 2726 Platon.
439 2667 514 2746 liep.
531 2669 569 2724 X.
582 2687 613 2746 Ρ.
627 2663 701 2727 614.
716 2666 751 2726 Β.
773 2660 840 2728 ἄλλ’
853 2663 892 2732 ori
908 2667 1011 2750 μέντοι
1026 2689 1075 2735 σοι
1088 2665 1226 2734 Ἀλκίνου
1238 2697 1272 2755 γε
1288 2668 1366 2739 α’κό-

200 2772 291 2851 loyor
304 2766 375 2850 ίροῖ,
389 2759 458 2830 itt’
470 2763 598 2848 οίλκίρου
613 2763 669 2847 μὲν
684 2761 805 2851 α’νδρὸς,
819 2769 872 2828 ubi
884 2789 940 2850 per
954 2771 1119 2832 antithesin
1128 2775 1249 2834 Alcinoi
1262 2772 1365 2860 τρυφή

201 2881 341 2945 notetur,
362 2881 393 2928 et
406 2871 625 2931 Stallbaumiua
637 2869 743 2928 laudet
758 2891 790 2950 p.
804 2871 879 2934 336.
899 2873 989 2931 verba
1003 2871 1208 2934 scholiastae:
1231 2874 1252 2940 ὁ
1268 2871 1367 2942 Ἄρη.

201 2996 273 3048 νοις
285 2968 360 3055 πρὸς
376 2973 501 3054 είρήνην
512 2968 671 3037 ιίοιόκειται
683 2971 803 3054 βλέπον
814 2971 868 3034 καί
883 2973 1014 3055 τρυφήν.

283 3076 319 3135 V.
336 3076 390 3140 80.
417 3076 476 3134 Oui
488 3110 533 3124 -·-
546 3075 610 3135 drea
628 3087 665 3135 et.
717 3077 878 3154 Expressit
903 3078 942 3134 H.
966 3077 1090 3136 liberius
1110 3076 1218 3158 Odyss·
1239 3080 1270 3155 8,
1289 3078 1364 3144 249.

201 3175 253 3240 καί
273 3172 371 3241 εὖνοί.
413 3179 527 3256 Magna
547 3179 662 3238 ironiae
692 3179 740 3236 vis
765 3179 846 3235 inest
871 3179 904 3235 in
922 3197 967 3252 eo,
991 3176 1075 3259 quod
1087 3178 1255 3257 pulchrum
1273 3179 1364 3257 dicit3

200 3279 262 3339 vid.
279 3299 310 3340 v.
327 3281 414 3343 3.-
428 3281 462 3337 in
481 3281 594 3338 medios
614 3281 646 3340 d.
671 3280 703 3339 d.
728 3281 913 3340 Graecorum
928 3299 1030 3355 more,
1052 3282 1105 3361 qui
1124 3281 1168 3357 εἰς
1183 3280 1281 3346 πυλὼν
1298 3279 1367 3367 χρό-

199 3407 256 3446 νον
272 3377 442 3446 καθεύδειν
463 3383 514 3442 rel
534 3381 618 3463 ρίχρι
632 3379 711 3465 πρός
732 3379 768 3446 ια’
789 3386 848 3463 τῆς
867 3379 982 3463 ἡμέρας
996 3379 1089 3464 μέσον
1108 3379 1276 3454 καθεύδειν
1290 3386 1366 3445 effa-

200 3495 287 3561 ναοί,
312 3485 353 3544 cf.
369 3482 496 3544 chabor.
512 3487 571 3564 ΕΡ.
588 3486 618 3560 1,
640 3488 692 3562 18,
712 3484 766 3549 34.
788 3485 915 3544 είοιπιὶοί
932 3488 966 3544 in
981 3485 1090 3546 lucem.
1117 3490 1167 3564 17,
1178 3489 1212 3552 6.
1231 3490 1367 3568 primam

199 3608 322 3646 commas
344 3587 518 3646 indorum.
562 3590 686 3646 Etenim
703 3587 786 3669 apud
809 3590 963 3648 Romanos
983 3608 1047 3649 non
1070 3599 1134 3648 erat
1155 3591 1215 3649 nisi
1232 3587 1365 3650 hominis

200 3692 304 3765 otiosi,
325 3709 469 3749 somnum
491 3689 665 3769 protrahere
681 3693 732 3750 rel
748 3689 790 3750 ad
808 3693 940 3770 primam
959 3687 1020 3749 diei
1041 3689 1165 3769 horam3
1184 3691 1246 3752 vid.
1264 3695 1364 3752 Bentl.

199 3790 239 3852 ad
258 3793 323 3852 Sat.
340 3795 370 3869 1,
389 3793 520 3868 6,126.,
541 3791 653 3853 lleind.
672 3793 711 3853 ad
728 3793 791 3853 Sat.
808 3795 839 3870 2,
858 3794 889 3870 6,
910 3795 973 3870 61.,
992 3794 1120 3854 casaub.
1135 3806 1165 3854 et
1179 3799 1305 3876 llaenig.
1326 3795 1366 3855 ad

197 3897 282 3955 Pers.
293 3897 325 3971 3,
351 3895 460 3957 1-9.
480 3893 641 3955 Weichert
659 3892 697 3954 de
718 3899 755 3956 h.
777 3899 860 3958 Varii
879 3907 910 3956 et
932 3896 1028 3956 Cassii
1049 3899 1150 3958 Parm.
1170 3901 1225 3958 vit.
1244 3919 1276 3978 Ρ.
1290 3899 1364 3966 317.

197 3998 305 4058 sense
324 3999 425 4076 Epist.
449 3998 521 4061 122.
571 4000 702 4077 ssepa,
724 4002 780 4079 qui
801 3999 865 4059 alto
878 3999 939 4058 sole
957 4003 1142 4061 νιοιιὲνοαιηιῖι
1147 4004 1255 4076 jacet,
1277 4003 1366 4075 cujus

196 4101 306 4183 agrae
322 4099 420 4159 nuos
432 4099 482 4158 ο.
492 4101 608 4178 capu.

279 4205 317 4265 V.
335 4205 389 4268 81.
418 4203 478 4262 Ad
493 4207 651 4282 strepstum
665 4239 706 4250 -
721 4223 838 4260 ouram.
884 4204 1127 4264 Commcmoravi
1148 4215 1366 4284 supranotato

196 4305 394 4386 dignissimas
416 4303 454 4364 de
475 4303 535 4365 hoc
553 4307 622 4368 looo
636 4307 800 4366 sententias
814 4325 834 4362 a
846 4324 919 4364 vero
937 4307 1120 4381 aberrantes,
1142 4317 1186 4382 ut,
1209 4327 1305 4388 quum
1321 4320 1366 4369 tot

195 4411 252 4468 viri
265 4420 368 4469 cetera
381 4406 494 4466 eruditi
509 4409 595 4490 ligna
608 4413 641 4468 in
655 4409 765 4468 silvam
775 4407 921 4483 tulerint,
943 4427 1038 4490 quam
1048 4409 1137 4468 facile
1155 4423 1251 4488 esset,
1268 4414 1300 4470 in
1317 4421 1366 4472 ta-

195 4512 274 4573 lrhus
284 4513 378 4572 rebus
395 4531 505 4588 errare,
527 4514 693 4594 aquolibet
707 4511 935 4588 intelligeretur.
978 4512 1024 4571 Ac
1037 4521 1144 4571 utana
1159 4533 1191 4572 re
1207 4513 1364 4593 defungar,

195 4617 248 4696 qui
260 4612 434 4677 secundum
444 4616 723 4697 interpretationem
735 4614 868 4691 Bentleji
880 4633 1017 4674 somnum
1036 4625 1200 4676 cessantem
1215 4617 1287 4678 duci
1305 4620 1325 4675 i.
1338 4637 1363 4674 e.

999 4713 1063 4828 n*
1085 4713 1157 4802 (r)
