3450 5334
333 519 399 583 806
446 518 731 581 COllflllENTAllIl
750 518 795 577 IN
815 516 982 579 HORATll
1002 516 1077 577 LlB.
1094 518 1116 578 l.
1131 516 1258 578 EPIST.
1272 518 1385 581 SEXT.
1452 520 1498 587 84

340 709 427 786 Quae
447 704 599 785 cupiditat
618 706 648 763 ei
667 704 789 785 quando
811 716 855 763 eet
873 706 984 783 adepta
1008 726 1040 766 re
1065 727 1138 766 vera
1162 706 1217 779 id,
1250 707 1333 787 quod
1353 710 1380 765 ei
1397 710 1496 789 fua-it

335 812 543 889 concupitum,
563 820 627 867 tum
639 808 744 888 fertur
765 806 933 882 alacritate,
955 818 990 865 nt
1009 809 1088 867 nitrit
1108 810 1135 866 ei
1156 818 1280 881 conciet,
1303 810 1380 890 quid
1400 824 1495 892 agat;

335 920 367 971 et
385 910 424 987 4,
454 913 512 986 16,
538 910 590 975 85.
640 911 722 989 Quid
740 920 842 967 autem
859 920 902 967 eet
923 931 983 968 non
1002 914 1139 971 mueriuc
1159 910 1258 969 eclam
1267 954 1279 982 ,
1311 913 1365 971 ced
1374 914 1497 994 socdiue

335 1018 427 1073 atzam
446 1024 474 1071 et
490 1014 667 1094 defitrrniue,
688 1032 782 1092 quam
800 1012 989 1093 aegritudine
1010 1018 1079 1093 quis
1099 1016 1231 1094 afflictus
1251 1014 1496 1097 debilitatusque,

321 1117 461 1199 jacens?
494 1126 524 1175 et
545 1117 582 1193 4,
605 1120 664 1191 28,
687 1120 739 1179 61.
761 1126 796 1172 ut
816 1119 907 1174 ettam
927 1120 956 1175 ci
972 1138 1026 1175 nec
1048 1116 1133 1177 mala
1153 1118 1214 1175 tint
1230 1115 1308 1189 illa,
1337 1140 1416 1199 quae
1437 1142 1496 1178 me-

336 1231 402 1277 tum
421 1220 691 1299 aegritudinemve,
711 1238 767 1275 nec
788 1216 880 1289 bona,
902 1238 979 1298 quae
999 1220 1195 1298 cupiditatem
1225 1218 1409 1279 laetitiamve
1432 1242 1498 1279 rno-

334 1333 447 1393 ceant,
487 1334 589 1381 tamen
615 1324 655 1380 eit
684 1323 792 1380 vitiata
818 1324 887 1399 ipea
907 1326 1071 1381 commotio.
1119 1324 1165 1381 Cf.
1186 1322 1255 1381 ibid.
1278 1321 1316 1399 4,
1354 1326 1415 1400 81,
1445 1326 1497 1389 66.

335 1424 397 1499 88,
419 1426 470 1489 82.
492 1423 529 1501 5,
551 1426 588 1502 6,
614 1428 662 1488 16.
705 1422 751 1483 De
769 1444 884 1501 pavore
901 1422 978 1501 (Cic.
1000 1424 1090 1485 Tuec.
1112 1422 1149 1501 4,
1176 1426 1214 1501 8,
1245 1422 1308 1503 19.)
1329 1427 1359 1483 in
1381 1425 1498 1485 atteram

336 1545 452 1604 quoque
471 1532 582 1605 partem
598 1535 718 1606 accepto
747 1528 876 1605 Koeru'g.
895 1526 1124 1587 affertst.1tal.
1143 1526 1176 1601 8,
1195 1526 1266 1591 215.
1288 1526 1366 1584 laeto
1384 1548 1497 1605 pavore

335 1630 494 1687 Promirea
515 1632 624 1689 evolvit
644 1632 762 1703 oomni,·
787 1631 838 1705 16,
860 1627 933 1694 432.
955 1628 1024 1707 ibiq.
1045 1628 1136 1687 Drek.
1158 1648 1296 1686 cucceesu
1320 1630 1412 1686 nimio
1433 1628 1498 1686 lae-

336 1738 424 1808 toque
439 1750 553 1808 pavore
572 1734 716 1791 Proditus
724 1756 738 1805 ,·
759 1731 843 1792 ovid.
859 1730 941 1789 Fest.
957 1732 989 1805 3,
1011 1732 1083 1795 362.
1098 1728 1243 1787 sollicitae
1263 1742 1374 1788 mentre
1388 1752 1498 1810 epeque

336 1842 476 1911 metuque
492 1848 628 1911 pavent5
648 1836 776 1894 similiter
797 1835 870 1891 Stat
892 1832 987 1891 Theb.
1010 1836 1046 1907 6,
1069 1832 1140 1897 802.
1162 1843 1324 1913 eventuque
1344 1834 1498 1910 impalluit

335 1938 400 2015 ipre
417 1936 569 2011 recundo;
589 1945 619 1996 et
640 1937 758 2005 Quintil.
777 1935 848 1995 lnst
870 1935 903 2011 9,
923 1936 955 2011 3,
977 1934 1026 1999 58.
1074 1934 1200 2013 Stupere
1213 1936 1330 2014 gaudeo
1350 1936 1497 1993 Graecue.

336 2040 383 2098 Cf.
411 2040 529 2117 Forbig.
558 2041 595 2099 ad
622 2038 704 2117 Vrrg.
734 2038 789 2095 Ge.
816 2036 855 2113 3,
895 2036 954 2099 105
983 2055 1028 2112 sq.
1057 2035 1129 2095 Aen.
1152 2036 1190 2113 5,
1227 2038 1298 2102 575-
1323 2072 1359 2085 -
1382 2038 1419 2097 V·
1444 2040 1496 2101 11.

337 2143 433 2221 Impr.
455 2145 521 2200 einr.
542 2162 621 2219 epec.
642 2150 766 2199 exterret
784 2148 953 2217 utmmque.
1000 2138 1058 2207 Qui
1079 2140 1115 2197 de
1135 2142 1230 2201 media
1251 2142 1374 2219 quadem
1396 2160 1422 2198 v.
1445 2160 1497 2199 ex-

338 2246 469 2303 terrendi
490 2246 698 2322 significatione
713 2242 855 2317 dubitent,
876 2243 910 2299 iis
926 2242 1057 2317 equidem
1071 2260 1203 2319 propono
1226 2241 1356 2319 exempla
1376 2242 1499 2303 haecce:

336 2345 454 2407 Lucret.
480 2351 519 2423 2,
554 2342 648 2409 1041.
691 2346 805 2403 Desine
835 2352 1038 2420 quapropter,
1075 2344 1207 2400 novitate
1234 2346 1389 2403 exterritzu
1414 2346 1497 2423 ipra,

336 2450 492 2527 Excpuere
513 2469 548 2505 ex
566 2451 669 2504 animo
693 2449 849 2504 rationem.
893 2444 973 2520 Virg.
996 2442 1068 2503 Aen.
1093 2448 1150 2521 11,
1187 2446 1260 2509 806.
1302 2445 1399 2524 tuga
1425 2458 1497 2504 ante

336 2554 434 2608 omnic
454 2552 609 2607 exterritae
628 2549 752 2606 Arrum
769 2548 1074 2625 Laetitia'mixthue
1095 2558 1184 2605 metu.
1226 2546 1290 2607 Liv.
1313 2552 1345 2625 7,
1367 2550 1420 2626 89,
1445 2551 1495 2614 15.

336 2653 529 2730 irmigniaque
555 2651 676 2709 honoris
704 2650 838 2707 exterrr'to
866 2646 982 2705 subitae
1002 2650 1047 2705 rei
1071 2648 1217 2707 miraculo
1239 2650 1388 2730 deserunt.
1431 2650 1495 2711 Du·

336 2753 398 2813 bito
415 2761 511 2812 eutem
533 2754 654 2812 deloco
675 2771 723 2830 ep.
746 2752 831 2810 Caes.
853 2751 888 2809 B.
909 2750 971 2808 OEv.
995 2753 1033 2827 2,
1062 2750 1093 2815 4.
1114 2751 1182 2831 ibiq.
1204 2753 1290 2813 Held.
1314 2760 1344 2812 et
1366 2752 1495 2831 Herzog.

340 2858 500 2915 Communi
520 2860 599 2916 enirn
611 2856 657 2931 fit
680 2858 753 2913 vitio
781 2864 930 2923 naturae,
967 2862 1001 2909 ut
1026 2855 1150 2926 invisio,
1187 2853 1377 2915 latitantibus
1404 2866 1496 2935 atquo

336 2961 497 3038 incognitio
527 2959 617 3017 rebue
646 2960 745 3039 magis
777 2957 966 3032 confidamus
999 2954 1257 3038 vehementiaque
1288 2966 1492 3019 exterreamur.

335 3060 498 3119 Adventui
516 3063 596 3119 enirn
612 3063 652 3127 L,
667 3062 794 3120 Naeidii
807 3079 928 3118 camma
947 3078 1000 3136 epe
1021 3068 1049 3114 et
1068 3059 1222 3119 voluntate
1242 3063 1390 3120 civitatem
1413 3082 1495 3119 com-

330 3164 500 3243 pleverant.
544 3164 678 3223 Similiter
697 3166 739 3223 vis
761 3184 789 3222 v.
807 3160 975 3221 deterrendi
995 3164 1088 3223 fracte
1108 3172 1164 3241 est,
1184 3165 1243 3222 vid.
1261 3162 1387 3223 Brouklr.
1402 3162 1493 3222 Beth.

335 3274 367 3325 et
386 3264 466 3325 Dies.
490 3268 527 3323 ad
549 3266 617 3326 Tib.
641 3270 671 3344 1,
692 3268 724 3342 8,
752 3266 802 3328 18.
824 3264 981 3343 Kiessling.
1004 3266 1042 3323 ad
1062 3266 1135 3325 Tac.
1158 3263 1233 3327 Ann.
1257 3269 1287 3343 1,
1311 3270 1352 3343 1.,
1372 3266 1442 3324 item
1462 3283 1492 3324 r.

331 3369 539 3447 percutiendi,
561 3369 617 3427 rid.
640 3368 739 3427 Klotz.
760 3369 798 3426 ad
817 3368 880 3425 Cic.
904 3366 992 3424 Tusc.
1015 3363 1051 3443 4,
1076 3371 1132 3443 11,
1154 3369 1206 3431 88.
1249 3368 1290 3428 Et
1310 3370 1335 3427 si
1355 3368 1494 3446 ejusmodi

335 3471 428 3530 nullus
450 3472 521 3530 alius
542 3471 621 3529 locus
643 3472 834 3548 reperiretur,
872 3470 1012 3546 scriptura
1031 3480 1171 3541 exterret,
1210 3488 1283 3549 qaae
1305 3472 1343 3530 de
1361 3492 1396 3531 eo
1420 3470 1493 3529 bene

335 3573 447 3648 dicitur,
469 3575 545 3650 quod
565 3575 595 3631 in
616 3592 648 3631 re
670 3572 716 3631 rel
732 3572 932 3651 inopinatavel
954 3574 983 3631 in
995 3572 1111 3633 terribili
1123 3574 1168 3633 rel
1180 3576 1209 3633 in
1230 3573 1330 3633 dolore
1351 3573 1494 3633 hominem

333 3682 500 3753 permovet,
528 3676 677 3753 percellit,
703 3676 749 3733 vel
771 3678 832 3752 ejus
853 3680 979 3735 mentem
1003 3678 1125 3752 excutit,
1147 3694 1229 3737 suum
1248 3674 1369 3735 haberet
1386 3676 1492 3734 locum.

334 3774 424 3835 Locis
445 3794 464 3833 e
484 3778 547 3835 Fea
568 3777 661 3836 allatis
683 3780 758 3837 adde
777 3776 856 3855 Virg.
872 3776 945 3835 Aen.
960 3776 993 3855 4,
1016 3779 1089 3840 571.
1132 3776 1254 3836 Aeneae
1273 3777 1380 3835 cubitis
1401 3787 1493 3833 exter*-

333 3880 411 3935 ritue
432 3878 547 3937 umbrie
566 3881 696 3959 Corripit
716 3901 732 3936 c
751 3899 854 3938 somno
875 3900 992 3957 corpur.
1038 3878 1110 3939 lbid.
1126 3876 1158 3955 4,
1175 3880 1247 3943 672.
1289 3878 1406 3937 Audiit
1421 3898 1494 3937 exae-

334 3981 426 4037 nimie
446 3980 619 4059 trepidoque
639 3984 778 4039 exterrita
798 4002 890 4039 curru
911 3988 968 4041 etc.
1013 3980 1086 4041 Tac.
1108 3980 1184 4042 Hist.
1209 3983 1246 4056 1,
1266 3981 1318 4043 68.
1341 3982 1425 4039 omni
1444 4000 1493 4038 cc-

334 4084 438 4138 mitate
458 4093 591 4160 exceptos
611 4079 727 4139 subitus
741 4102 843 4159 pavor
863 4084 1012 4142 exterruit.
1056 4084 1115 4143 cre.
1126 4082 1186 4142 Off.
1208 4086 1239 4160 2,
1264 4084 1314 4159 10,
1336 4084 1389 4146 37.
1411 4080 1494 4163 (11.)

333 4183 472 4242 dolorum
492 4204 587 4263 quum
606 4184 805 4244 adularentur
814 4186 906 4265 sacer
913 4230 927 4259 ,
961 4196 1082 4264 praeter
1102 4184 1225 4243 modum
1239 4184 1379 4264 plerique
1398 4194 1493 4242 exter-

332 4296 446 4343 rentur.
489 4285 552 4345 vat.
575 4286 621 4345 Fl.
646 4291 682 4363 1,
704 4288 778 4351 778.
801 4291 864 4368 ipre
882 4308 991 4370 aeger,
1020 4288 1169 4347 anltelane
1189 4287 1413 4366 Impatiensque
1433 4286 1495 4343 loci

333 4388 459 4465 viraque
478 4390 631 4447 erterruue
650 4388 769 4454 umbra.
811 4393 853 4452 ld.
878 4394 914 4470 8,
951 4388 1023 4454 450.
1040 4390 1133 4471 sugit
1150 4387 1281 4469 (Medea)
1303 4388 1427 4467 insertae
1446 4389 1493 4445 ri-

334 4484 491 4547 hrantibue
511 4490 606 4549 lraetie
630 4494 820 4571 Terrigenae,
836 4496 924 4575 fugit
940 4494 1078 4553 ardenter
1099 4495 1237 4551 exterrita
1258 4502 1371 4548 tauros.
1417 4487 1491 4549 Plin.

332 4586 426 4666 Epist.
448 4591 480 4665 6,
505 4589 537 4668 4,
559 4589 590 4652 4.
633 4593 738 4654 lustin.
761 4601 813 4674 21,
836 4600 868 4674 6,
892 4601 920 4660 1.
942 4598 995 4675 27,
1018 4600 1048 4675 1,
1069 4598 1099 4660 6.
1121 4600 1153 4660 9.
1195 4596 1229 4656 ln
1249 4594 1421 4654 sententiam
1442 4600 1490 4651 to·
