3450 5334
358 527 421 595 158
441 528 721 590 conuiuarum
741 528 782 585 nt
800 527 966 586 ttonA'rtl
989 527 1119 588 EPIST.
1134 525 1297 588 suctJND.
1318 528 1396 587 mn.
1409 529 1437 586 1.
1481 529 1523 594 52

358 703 440 759 allici
452 701 568 774 volunt,
587 701 689 756 iinon
703 695 818 771 vident,
839 716 933 778 quam
946 716 1054 777 parum
1068 695 1101 756 id
1114 697 1273 756 conveniat
1287 696 1320 754 iu
1338 718 1399 774 eus,
1417 698 1472 777 qut
1489 699 1523 754 in

357 803 469 860 meritos
481 802 544 860 daea
558 801 687 860 durmin
699 798 848 874 dicuutur,
863 821 903 858 ne
916 799 1025 874 dicam,
1040 796 1123 878 quod
1138 797 1216 857 dixit
1227 800 1373 875 Bauerns,
1384 821 1523 857 somnum

357 905 464 964 &were
486 923 638 984 nusquam
666 922 731 961 esse
752 901 917 977 adducere,
951 921 1120 974 arcessere,
1146 898 1201 959 aed
1220 901 1416 980 protrahere3
1440 901 1523 982 quod

356 1027 444 1067 secus
457 1027 522 1065 esse
538 1005 659 1065 videtur
670 1008 703 1062 in
718 1007 793 1064 locis
811 1023 829 1062 a
845 1005 983 1081 Bentlejo
1000 1001 1059 1079 hic,
1081 1004 1117 1060 ab
1132 1005 1244 1063 Orellio
1260 1003 1299 1062 ad
1309 1002 1409 1085 Epod.
1427 1003 1478 1080 11,
1488 1005 1521 1068 3.

357 1120 387 1168 et
408 1111 558 1167 aDissen.
583 1107 623 1165 ad
638 1107 708 1166 Tib.
725 1108 754 1183 1,
775 1110 806 1182 2,
828 1108 881 1170 80.
900 1107 1011 1164 allatis.
1054 1106 1117 1165 Suo
1134 1107 1227 1184 igitur
1242 1111 1309 1184 jure
1323 1109 1415 1164 vertit
1430 1107 1522 1164 Cam-

356 1230 474 1292 penon:
497 1211 571 1290 „qui
589 1210 730 1267 faisoient
749 1208 845 1286 gloire
861 1206 898 1265 de
917 1207 1030 1266 dormit·
1047 1209 1197 1290 jusqu'au
1212 1211 1321 1268 milieu
1342 1209 1384 1267 du
1403 1209 1474 1284 jour
1491 1217 1522 1266 et

357 1314 396 1373 de
417 1317 578 1395 prolonger
601 1312 670 1370 leur
689 1311 829 1370 sommeil
853 1330 893 1368 au
922 1331 978 1370 son
1006 1309 1060 1370 des
1088 1313 1314 1370 iustruments.“
1364 1310 1521 1388 Scriptura

357 1428 460 1476 autem
474 1418 598 1495 vulgata
620 1416 734 1494 optime
751 1416 845 1471 vitam
859 1411 1003 1472 describit
1018 1417 1145 1473 istorum
1159 1417 1322 1493 juvenum,
1344 1413 1437 1494 quisi
1453 1410 1522 1468 fieri

355 1531 471 1600 potest,
493 1529 528 1577 ut
542 1539 613 1576 cura
635 1519 737 1598 aliqua
762 1535 813 1575 eos
833 1518 987 1594 exagitet,
1008 1517 1094 1574 illmn
1114 1537 1190 1576 sono
1214 1513 1346 1576 citharae
1366 1523 1518 1594 strepente

355 1624 438 1682 illico
457 1620 611 1701 depellant
629 1641 670 1678 ex
683 1621 800 1692 maiano,
818 1619 882 1676 sive
896 1621 1031 1696 poetice,
1054 1639 1095 1678 ex
1113 1623 1329 1700 prosopopoeia
1352 1615 1459 1698 (quam
1477 1615 1517 1676 ad

355 1723 436 1782 hunc
453 1725 555 1781 locum
571 1723 648 1781 bene
663 1723 802 1782 observat
817 1718 957 1798 Bothius)
976 1724 1028 1802 qui
1044 1741 1177 1798 „curam
1191 1733 1336 1802 tanquam
1348 1739 1519 1800 personam,

355 1825 395 1885 ad
413 1843 522 1884 sonum
537 1821 669 1882 citharae
686 1821 799 1882 ducunt
813 1824 942 1882 velutin
957 1821 1049 1884 choro
1065 1819 1136 1907 (Od.
1153 1825 1182 1898 1,
1201 1820 1231 1899 1,
1253 1824 1309 1898 5.),
1330 1833 1365 1880 ut
1387 1823 1431 1880 ibi
1453 1841 1522 1880 ces-

355 1938 410 2003 set,
420 1932 439 1962 “
460 1947 524 1987 non
544 1928 689 1986 facientes
708 1944 779 1982 cum
800 1925 909 2001 Ulixe,
939 1930 1001 2006 qui,
1023 1945 1199 2006 quanquam
1218 1923 1390 1984 Phaeacum
1411 1933 1521 1983 canto-

356 2033 439 2091 ribus
460 2040 606 2089 attentam
622 2028 747 2109 praebet
769 2047 873 2084 aurem
894 2030 1165 2109 micationibusque
1183 2027 1304 2110 pedum,
1327 2025 1427 2088 dicere
1446 2038 1521 2107 pot-

356 2146 418 2195 est:
441 2127 549 2213 Κήδεά
565 2129 683 2213 μοικαὶ
702 2129 817 2211 μᾶλλον
835 2128 882 2192 ἐνὶ
898 2129 1006 2210 φρεσὶν
1021 2127 1099 2212 ἤπερ
1114 2124 1224 2194 deidei.
1245 2128 1358 2190 Athen.
1373 2129 1403 2204 5,
1425 2131 1477 2193 11.
1491 2150 1522 2209 p.

355 2239 430 2299 221.
473 2239 632 2294 Praeterea
652 2231 701 2291 his
723 2233 833 2307 verbis,
854 2235 882 2290 si
899 2253 934 2290 ea
950 2231 988 2292 ad
1002 2235 1165 2309 Romanos,
1187 2251 1317 2313 quorum
1338 2251 1430 2292 causa
1443 2234 1523 2292 libe-

356 2342 418 2396 rim
439 2358 525 2396 versa
546 2335 695 2410 videntur,
718 2345 753 2392 ut
773 2357 893 2406 „eum
913 2338 1037 2394 omuino
1065 2337 1160 2394 seriae
1182 2333 1340 2412 cujusdem
1361 2337 1420 2410 rei,
1450 2355 1522 2414 gra-

355 2443 447 2499 vioris
469 2437 561 2499 studii
582 2450 612 2496 et
633 2440 837 2516 occupationis
858 2439 943 2497 notio
965 2441 1074 2513 insit,“
1095 2439 1238 2518 applices,
1261 2459 1298 2496 eo
1319 2440 1416 2518 magis
1438 2436 1523 2496 deri-

356 2542 445 2601 detur
464 2542 572 2600 leritas
597 2537 786 2619 quorundam
808 2539 967 2599 homiuum
989 2561 1078 2598 omne
1108 2543 1246 2600 coelestis
1267 2543 1432 2621 sapientiae
1453 2552 1522 2599 stu-

356 2642 442 2704 dium
463 2641 578 2702 cithara
597 2654 772 2700 susurrante
793 2643 1009 2720 abjicientium,
1033 2663 1093 2724 quo
1115 2647 1215 2703 notior
1234 2646 1293 2702 fuit
1314 2642 1524 2723 Pythagorae-

355 2768 443 2806 0rum
464 2766 553 2804 serae
581 2748 701 2803 virtutis
723 2745 890 2824 rigidarum
911 2747 1078 2803 satellitum
1107 2765 1192 2822 mos,
1217 2744 1255 2804 de
1285 2766 1345 2826 quo
1366 2746 1521 2806 Plutarch.

356 2850 394 2909 de
415 2848 489 2910 isid.
512 2859 542 2906 at
564 2846 673 2908 Osirid.
697 2851 762 2908 vlt.
784 2871 815 2928 p.
838 2848 912 2911 508.
942 2845 1032 2906 Baka
1053 2845 1089 2910 cri
1110 2843 1265 2929 κρούματα
1281 2853 1336 2929 τῆς
1349 2844 1451 2928 λύρας,
1473 2844 1521 2924 οἷς
1642 2931 1662 2942 ..

355 2953 485 3034 ἐχρῶντο
509 2947 568 3034 πρό
594 2956 656 3013 τῶν
677 2945 787 3012 ὕπνων
810 2950 843 3012 οἷ
862 2947 1088 3033 Πυθαγόρειοι,
1117 2947 1149 3015 cd
1172 2949 1308 3032 ἐμπαθὲς
1332 2952 1383 3014 καὶ
1408 2949 1521 3034 ἄλογον

355 3059 410 3133 τῆς
437 3059 539 3135 ψυχῆς
566 3049 761 3138 ἐξεπᾴδοντες
787 3048 867 3115 οὕτω
893 3051 944 3114 καὶ
972 3047 1203 3132 θεραπεύοντες.
1234 3056 1295 3112 Cic.
1320 3057 1413 3114 Tusc.
1436 3053 1467 3131 4,
1490 3059 1519 3117 2.

356 3157 470 3231 Quodsi
490 3158 648 3215 Herbstius
676 3159 710 3214 in
730 3159 835 3234 Progr.
860 3153 965 3213 Schol.
989 3157 1102 3215 Wetzl.
1128 3158 1208 3220 1827
1232 3179 1262 3236 p·
1285 3155 1521 3220 2211011111ηεί-

356 3280 429 3320 ones
443 3262 517 3318 istos
533 3279 595 3319 non
611 3279 684 3318 sane
704 3260 741 3317 ob
760 3257 802 3332 id,
824 3256 904 3337 quod
923 3278 1085 3317 nervorum
1100 3261 1236 3318 cautibus
1252 3259 1393 3318 delectati
1410 3272 1520 3336 essent,

352 3365 419 3441 jure
441 3381 459 3419 a
479 3365 573 3421 Poeta
590 3363 750 3439 castigatos
771 3369 884 3432 censet,
905 3357 959 3417 sed
981 3360 1013 3415 in
1034 3361 1209 3420 urtiversum
1230 3374 1352 3443 propter
1372 3363 1521 3424 desidiam

354 3467 587 3543 mollioremque
601 3466 710 3521 ritem:
733 3461 792 3521 hoc
809 3460 950 3542 equidem
966 3463 1092 3520 minime
1107 3464 1291 3544 negandmn,
1313 3467 1391 3525 illud
1406 3477 1519 3543 tamen,

355 3571 377 3627 i.
399 3587 610 3626 enervorum
638 3565 776 3624 cantibus
797 3562 940 3624 delectari
972 3575 1002 3623 et
1024 3585 1041 3624 a
1063 3568 1151 3627 rebus
1181 3573 1266 3628 seriis
1287 3567 1435 3644 abstrahi,
1457 3572 1520 3626 im-

355 3673 461 3752 primis
482 3667 684 3751 premendum
705 3666 841 3726 arbitror.
886 3669 1036 3748 ¹intellige
1055 3672 1220 3729 amicarum
1247 3670 1396 3752 psallendi
1415 3675 1520 3729 scieu-

354 3779 447 3851 tiam,
481 3793 540 3853 qua
564 3774 691 3851 juvenes
712 3773 843 3829 Romani
869 3771 969 3830 allecti
991 3791 1038 3830 res
1061 3775 1212 3850 graviores
1236 3777 1439 3854 negligebant,
1461 3776 1520 3836 0d.

355 3881 387 3954 3,
409 3879 439 3954 9,
466 3879 516 3941 10.
547 3874 577 3952 1,
603 3875 651 3950 13,
673 3877 715 3950 7.,
738 3873 864 3932 Sallust.
887 3874 952 3931 Cat.
977 3874 1028 3950 25,
1051 3879 1092 3950 2.,
1115 3877 1252 3955 intellige
1279 3881 1352 3936 istas
1370 3881 1522 3958 psaltrias,

356 4001 433 4061 quae
461 3982 494 4038 in
524 3981 687 4053 coartiviis,
716 3978 852 4057 popinis,
882 3979 1046 4057 ganeisque
1075 3988 1169 4036 artem
1201 3998 1288 4037 suam
1315 3979 1523 4057 venditabant,

355 4085 452 4164 Epist.
478 4085 506 4158 1,
530 4081 580 4158 11,
602 4081 665 4156 26,
687 4081 831 4158 interppr.
856 4079 896 4136 ad
916 4083 1005 4139 Auct.
1021 4081 1093 4160 Cap.
1115 4101 1144 4138 v.
1166 4085 1187 4144 7
1210 4101 1260 4155 ss.,
1281 4085 1348 4141 Lir.
1362 4083 1416 4157 39,
1439 4085 1470 4159 6,
1491 4082 1522 4144 8.

356 4196 387 4245 et
408 4189 513 4246 eomic.
534 4193 618 4266 poet.
640 4185 703 4242 sere
724 4183 853 4262 ubique;
876 4183 1011 4261 intellige
1032 4187 1113 4263 ipsos
1133 4185 1269 4260 juvenes,
1292 4187 1346 4264 qui
1367 4185 1523 4244 delicatuli

357 4309 480 4368 operam
502 4287 615 4347 dabant
644 4284 786 4345 cantandi
810 4296 840 4343 et
862 4283 1014 4364 psallendi
1035 4287 1194 4361 scientiae,
1223 4288 1284 4346 Cic.
1308 4287 1395 4346 Catil
1417 4290 1448 4362 2,
1472 4288 1523 4362 10,

357 4391 417 4463 23,
444 4393 581 4469 intellige
605 4392 713 4464 etiam,
737 4386 818 4470 quod
838 4398 918 4446 tecte
939 4386 1053 4445 indicat
1066 4387 1197 4446 ducendi
1209 4390 1346 4465 verbum,
1368 4387 1447 4448 illud
1460 4391 1524 4448 sal-

357 4489 442 4548 tandi
469 4491 605 4550 studium
628 4495 765 4552 Romano
797 4489 1004 4550 inhonestmn.
1056 4486 1126 4549 vid.
1155 4490 1263 4553 Graec.
1293 4491 1331 4550 ad
1353 4493 1414 4550 cto.
1436 4491 1525 4552 offic.

361 4594 389 4668 1,
410 4592 463 4656 42.
492 4594 542 4651 Or.
564 4613 610 4671 pr.
634 4596 751 4658 Mareu.
773 4596 804 4672 6,
824 4596 874 4659 13.
905 4592 1037 4652 blacrob.
1060 4591 1181 4652 Satttru.
1204 4597 1236 4671 2,
1260 4597 1310 4659 10.
1341 4605 1372 4652 et
1394 4595 1525 4676 Grysar:
