3450 5334
335 460 401 535 22⁰
442 461 973 535 communnmnomm
986 462 1061 526 ΠΒ.
1076 462 1099 522 Ι.
1120 459 1249 523 uets'r.
1267 458 1390 523 Tm.
1454 462 1499 527 30

335 659 420 731 sunt,
443 652 493 729 qui
513 648 726 713 translationem
745 668 765 709 a
787 648 932 726 restibus,
959 666 1034 726 quae
1057 652 1231 709 consuantur
1248 654 1280 708 et
1298 649 1498 708 rescindantur

335 759 481 832 sumptam
494 752 601 829 velint,
623 751 680 811 vid.
693 750 821 811 Broukh.
836 752 875 811 ad
893 749 960 812 To.
972 752 1007 828 1,
1022 751 1081 828 11,
1091 751 1143 811 61.
1149 791 1160 828 ,
1175 755 1208 809 at
1223 753 1383 829 repetenda
1399 750 1497 831 potius

335 855 489 916 mititudo
505 860 578 913 esta
591 851 772 931 vulneribus,
792 870 868 929 quae
886 854 965 910 coire
977 852 1119 913 dicuutur.
1141 849 1235 911 Multa
1247 851 1331 931 hujus
1346 853 1388 912 rei
1403 870 1498 911 ereru-

336 959 388 1041 pla
407 963 522 1039 praeter
540 954 689 1015 Barthium
709 956 739 1012 in
761 951 835 1015 dev.
859 956 917 1030 12,
938 955 986 1032 8.,
1006 954 1088 1015 Cort
1104 953 1141 1012 ad
1156 952 1230 1013 Pliu.
1240 954 1335 1035 Epist.
1346 955 1384 1031 2,
1407 954 1442 1030 1,
1463 951 1497 1014 6.

335 1060 383 1121 hic
398 1057 541 1137 congmsit
563 1056 754 1133 Sclsmiddsn,
775 1055 877 1117 sedula
896 1055 1044 1115 Musarum
1063 1058 1135 1133 apis.
1177 1055 1224 1115 cf.
1236 1055 1354 1135 Forbig.
1368 1055 1507 1133 αΝιις.ε

336 1162 390 1222 Ge
401 1162 438 1239 3,
455 1157 529 1223 463.
572 1159 621 1217 Sic
633 1156 750 1218 Petron.
765 1159 837 1222 118·
860 1158 947 1217 credo
964 1160 1076 1216 verino
1084 1200 1097 1229 ,
1117 1178 1156 1215 ne
1166 1160 1245 1216 isrter
1262 1160 1353 1217 initia
1365 1158 1498 1217 mamm

334 1265 457 1344 gratiae
470 1270 616 1319 recentem
630 1262 800 1319 cicatricem
813 1260 1013 1329 rescinderet,
1033 1260 1083 1319 ubi
1095 1259 1235 1321 Weitnius
1252 1260 1345 1319 locum
1360 1260 1498 1319 Horatio·

336 1384 405 1425 uum
432 1362 563 1423 contulit.
605 1361 694 1423 Miror
719 1368 831 1453 autem,
855 1362 1065 1424 Hocdodemm
1082 1362 1286 1440 Porphyrionis
1306 1369 1498 1423 commentum

337 1465 504 1547 particulam
524 1468 725 1544 nequicquam
744 1472 859 1535 „non“
875 1464 1041 1544 explicantis
1054 1470 1089 1523 ut
1104 1463 1178 1524 Aen.
1190 1468 1229 1541 2,
1250 1462 1400 1542 64612,
1421 1463 1496 1525 633.

336 1567 482 1648 repetisse.
526 1565 570 1625 Ut
588 1566 657 1625 nihil
673 1585 749 1625 nunc
767 1566 858 1627 dicam
872 1568 910 1627 de
919 1568 989 1627 locis
999 1566 1179 1645 Virgiiisuis,
1199 1566 1246 1626 hic
1259 1566 1330 1625 uilril
1345 1564 1422 1627 aliud
1442 1565 1498 1624 uisi

336 1671 445 1731 curatio
470 1668 660 1746 significatur,
688 1686 779 1745 quae,
808 1669 875 1746 quia
904 1668 1006 1729 vulnus
1030 1669 1105 1729 male
1130 1673 1240 1728 sartum
1263 1674 1326 1747 est,
1359 1667 1441 1727 aliter
1464 1686 1499 1727 ac

336 1777 469 1853 sperutur
484 1769 588 1829 effectu
603 1776 689 1835 caret.
733 1771 782 1831 01.
800 1771 918 1851 Forbig.
932 1775 970 1832 ud
983 1771 1064 1849 Virg.
1079 1771 1135 1830 Ge.
1146 1773 1184 1850 1,
1206 1771 1258 1833 96.
1301 1771 1389 1841 Quod
1402 1770 1499 1830 Hora·

336 1876 394 1935 tius
410 1874 460 1951 [cit
474 1870 531 1929 udi
541 1904 585 1917 -
599 1892 643 1931 ars
658 1874 847 1952 rescinditur]
867 1892 903 1933 er
923 1874 1052 1935 oratioue
1066 1875 1206 1934 indirecta
1220 1874 1259 1932 nd
1280 1879 1388 1933 rectam
1400 1872 1498 1933 subito

337 1976 458 2051 transit,
479 1992 539 2033 uon
560 1980 607 2033 ot
620 1974 681 2034 siue
698 1978 822 2053 quadam
837 1976 879 2035 rei
895 1980 926 2035 et
939 1976 1068 2053 iugmtae
1085 1983 1116 2036 et
1134 1978 1346 2055 inempectntae
1355 1975 1498 2054 significe-

337 2080 432 2156 tione,
452 2096 537 2154 quam
547 2077 686 2155 pnru'crrla
694 2098 738 2137 an
750 2086 864 2140 auctum
872 2078 1020 2139 sentimus.
1061 2076 1200 2159 Exempla
1212 2079 1379 2158 suppeditat
1388 2077 1498 2137 Haud.

337 2184 377 2241 ad
399 2179 487 2239 Tun.
501 2179 525 2239 Ι.
548 2202 578 2261 p.
601 2182 675 2244 363.
718 2179 764 2241 De
782 2182 898 2241 variatis
917 2181 948 2238 iu
968 2180 1068 2239 eadem
1085 2180 1205 2257 periodo
1223 2180 1316 2239 modis
1338 2182 1404 2240 ride
1425 2198 1498 2257 quos

338 2284 409 2351 citat
424 2282 583 2341 Drosmiuo
597 2284 635 2343 ad
650 2281 718 2341 Tib.
730 2282 770 2359 3,
793 2282 830 2359 1,
854 2282 907 2345 20.
932 2281 978 2341 Re
989 2282 1076 2359 igitur
1093 2282 1250 2343 acmen
1267 2302 1410 2362 perpensa
1429 2283 1499 2343 sui·

338 2392 441 2464 pturae
454 2390 585 2464 receptae
594 2404 663 2444 suus
676 2384 765 2445 stabit
771 2382 873 2443 horror.

424 2485 459 2547 V.
486 2485 634 2549 33-36.
669 2490 714 2545 At
735 2504 789 2543 voe
812 2516 857 2529 -
873 2488 1022 2557 juvenca.
1067 2484 1280 2545 Senteufiarum
1307 2486 1394 2546 ordo:
1419 2484 1499 2564 „At

339 2587 471 2667 quicquid
495 2592 618 2647 vestram
635 2586 803 2647 discordiam
824 2586 885 2645 sive
904 2588 998 2646 fervor
1021 2586 1169 2664 sauguinis
1193 2589 1255 2647 sire
1273 2588 1386 2649 inscitia
1406 2608 1500 2648 rerum

339 2692 439 2771 genuit
457 2689 577 2765 alitque,
604 2688 770 2765 ubicumque
790 2687 917 2749 locorum
938 2687 1033 2748 vivitis
1049 2707 1116 2765 vos,
1138 2707 1259 2764 quorum
1278 2709 1436 2769 generosae
1455 2692 1499 2750 in-

339 2793 399 2856 doli
429 2798 617 2868 naturaeque,
630 2806 732 2869 parum
752 2791 900 2869 convenit,
927 2790 1032 2850 amoris
1063 2790 1206 2851 uinculum
1234 2792 1408 2871 dissolvere,
1441 2812 1498 2871 ego

338 2902 465 2957 vestrum
477 2894 507 2951 in
522 2893 644 2953 reditum
659 2894 714 2953 diis
727 2892 941 2955 votaeolvnm·“
981 2892 1031 2951 Sic
1046 2892 1131 2952 verba
1144 2894 1204 2952 fere
1224 2894 1357 2954 ordinant
1369 2894 1499 2953 Lambi-

340 3020 418 3070 nus,
446 2994 626 3067 Rodelliua,
652 2996 845 3068 Schmidiuo,
867 2996 1050 3069 Paeonius,
1077 2994 1230 3066 Orsum,
1252 2996 1283 3054 J.
1298 2998 1342 3056 H.
1362 2997 1499 3066 Voooius,

339 3100 395 3163 alii.
435 3098 531 3159 Minus
545 3099 692 3157 commode
705 3100 811 3177 majore
824 3104 895 3179 post
903 3118 932 3160 v.
938 3096 1055 3176 foedus
1068 3098 1147 3157 facta
1158 3098 1387 3176 interpunctione
1399 3100 1500 3159 distin-

340 3206 434 3283 guunt
455 3198 519 3277 alii,
543 3200 585 3259 ite
605 3204 638 3258 ut
662 3202 731 3259 eotr'c
748 3200 926 3279 intelligant3
957 3218 1016 3278 qur
1032 3219 1064 3259 re
1082 3200 1224 3260 sentenh'a
1241 3203 1369 3262 nuscitur
1385 3202 1499 3261 haecce:

340 3305 534 3385 „ubicumque
558 3301 670 3378 vivitis,
704 3320 756 3361 ros
784 3302 904 3362 dedecet
929 3307 986 3364 etc.
1040 3302 1154 3363 Interea
1179 3303 1307 3379 pascitur
1334 3304 1412 3364 etc“
1451 3305 1500 3363 Sic

341 3413 455 3491 praeter
478 3408 588 3465 ceteros
619 3403 815 3463 Wcloudiuo
822 3446 834 3475 ,
862 3404 1058 3483 Dosriugriu.
1101 3404 1279 3483 Ingeniosius
1299 3412 1395 3465 autem
1414 3424 1499 3482 qnam

339 3507 433 3569 uerius
454 3506 664 3586 Haberseldus
677 3526 712 3567 er
731 3525 784 3567 sna
802 3505 905 3567 horum
924 3507 1074 3566 verborum
1093 3507 1289 3566 distinctione:
1310 3506 1378 3585 „At
1389 3528 1441 3569 vos
1453 3510 1498 3566 in-

342 3610 450 3671 domito
465 3609 559 3668 animo
571 3610 622 3686 qui
635 3610 720 3687 estis,
742 3608 861 3687 exiguae
873 3628 908 3669 oc
919 3628 1026 3688 parvae
1038 3617 1107 3669 sunt
1118 3627 1188 3668 saue
1200 3628 1267 3687 res,
1286 3628 1361 3686 qune
1372 3616 1499 3669 restrum

343 3711 489 3775 discidium
510 3719 677 3790 procreant,
709 3711 816 3772 calidus
834 3712 952 3789 sanguis
972 3718 1029 3771 etc
1069 3711 1129 3771 Vos
1149 3729 1350 3789 usquequaque
1370 3711 1500 3790 dedecet,

342 3816 566 3891 ediceremus,
585 3814 687 3891 quodsi
700 3814 857 3892 redieritis,
880 3814 962 3874 vobis
975 3832 1034 3875 non
1047 3814 1132 3875 deero
1146 3814 1391 3875 reconciliandis.“
1433 3813 1500 3875 Alia

342 3936 457 3996 quoque
469 3915 580 3975 ratione
593 3917 685 3977 locum
699 3918 904 3997 interpretatur
917 3914 1098 3990 Bentojuo,
1118 3935 1204 3994 quem
1215 3916 1291 3976 vide.
1303 3950 1348 3961 -
1369 3916 1419 3975 At
1429 3918 1501 3977 olio·

342 4022 413 4099 quin
433 4019 625 4097 adversantis,
646 4018 692 4079 hic
711 4019 828 4100 plenum
841 4023 886 4077 est
899 4018 1016 4098 amoris,
1037 4038 1095 4096 quo
1118 4020 1248 4079 iuermsus
1261 4020 1415 4079 amicorum
1426 4021 1500 4080 redi-

340 4126 403 4183 tum
416 4122 446 4181 in
460 4120 582 4200 patrium
595 4122 668 4181 etin
681 4124 803 4203 gratiam
817 4121 954 4203 (indigui
961 4122 1012 4202 sr.
1028 4142 1128 4200 mmp.
1135 4121 1182 4202 s.)
1203 4128 1352 4201 exspectat
1364 4124 1501 4202 cupitque

340 4223 490 4285 Horatius.
532 4226 567 4289 Iu
580 4230 673 4289 verbis
687 4227 824 4302 denique:
846 4222 1028 4304 ubicumque
1042 4258 1086 4271 -
1104 4226 1222 4299 vivitis,
1243 4225 1319 4285 redit
1332 4228 1371 4285 ad
1384 4224 1502 4303 Episto-

341 4329 386 4391 lee
405 4332 525 4391 initium.
548 4364 592 4377 ·-
610 4330 730 4390 adiuro
748 4328 886 4407 sanguis.
927 4326 1051 4388 Sicsst
1078 4329 1118 4408 1,
1139 4328 1177 4409 3,
1195 4328 1248 4391 63.
1300 4326 1500 4386 cubitorem.-

341 4435 423 4492 acn'e
437 4435 516 4491 inter
527 4445 708 4493 numerem.
751 4428 796 4490 De
816 4448 872 4489 usu
891 4428 950 4508 huj.
963 4448 1025 4489 voc
1045 4432 1104 4492 rid.
1119 4432 1202 4491 Cort.
1216 4430 1256 4491 ad
1268 4428 1344 4489 Plin.
1359 4427 1454 4507 Epist.
1468 4426 1502 4505 6,

343 4534 402 4613 20,
423 4533 455 4596 o.
497 4534 588 4599 un.
609 4536 647 4599 au
667 4536 719 4596 sn.
735 4532 793 4612 15,
813 4532 889 4596 ear.
921 4530 1028 4591 mora
1043 4532 1361 4615 opponmsnffiw,
1378 4529 1503 4611 ἔω.
1587 4562 1591 4567 .
1722 4483 1723 4486 ‘
