3450 5334
201 504 244 571 47
287 498 817 567 ΟΟΜΜΕΝΤΑΒΠΙΝΗΟΒΑΤΠ
835 500 1259 575 calculantium.
1294 498 1357 567 237

204 712 260 773 que
282 698 379 751 tamen
395 705 490 749 errare
506 706 555 748 eoa
569 694 651 767 puto,
670 688 720 765 qui
731 686 801 747 haec
814 684 901 746 verba
911 689 950 748 ud
963 687 1056 766 ipsam
1069 688 1214 748 'libullum
1224 690 1360 768 referant,

204 814 289 872 quem
301 794 347 853 liic
362 791 494 869 castigari
505 789 663 869 complures
678 792 789 871 opinati
801 793 871 849 sunt
881 791 1050 869 interpretes
1062 792 1247 868 morosiores,
1268 792 1298 851 in
1310 793 1360 851 i'u-

204 914 260 973 que
279 900 391 973 praeter
404 899 514 953 ceteros
534 892 695 950 Duceriuc.
737 891 852 951 Etenim
868 910 943 969 quac
959 891 1005 951 hic
1019 898 1271 953 commemorantur
1283 895 1360 953 ritae

203 997 397 1075 incommoda,
423 1014 459 1055 ea
485 994 516 1053 in
546 994 684 1072 optimum
707 1012 846 1071 quemque
868 994 971 1054 cadere
997 995 1061 1071 quic
1087 1001 1134 1054 ert
1160 995 1209 1071 qui
1230 995 1360 1054 nunciat!

204 1100 310 1171 Quidni
333 1100 363 1157 in
376 1095 521 1157 'libullum
539 1094 693 1175 malamm,
710 1114 781 1172 quar
800 1114 881 1155 amor
896 1114 980 1156 curae
1002 1096 1107 1175 hebet,
1126 1114 1186 1155 non
1207 1094 1361 1173 ignarum?

203 1198 350 1261 Sententia
365 1198 453 1276 igitur
464 1202 555 1257 aret:
575 1197 650 1276 „Si,
668 1214 872 1274 quemcumque
884 1196 960 1256 vitae
974 1198 1049 1257 diem
1063 1198 1103 1256 dii
1125 1196 1178 1255 tibi
1194 1197 1359 1275 largientur,

204 1320 268 1361 cum
287 1304 463 1378 postremum
480 1316 542 1357 eece
562 1288 692 1377 putabis,
712 1299 780 1376 fiet,
801 1304 835 1356 ut
856 1303 996 1377 teneque
1014 1318 1109 1359 rerum
1120 1300 1278 1359 futurarum
1291 1318 1360 1380 cpe·

205 1403 323 1462 timorve
339 1400 525 1479 perturbent,
544 1418 638 1477 neque
651 1402 842 1479 praesentium
855 1418 923 1459 cura
934 1406 986 1461 aut
999 1402 1081 1459 dolor
1095 1401 1274 1460 conficiant.“
1294 1403 1361 1461 Sin·

206 1502 272 1581 gula
297 1507 393 1560 autem
415 1501 502 1559 verba
521 1521 606 1578 apem
626 1522 788 1583 curamque
804 1511 857 1563 etc.
875 1503 1031 1561 accuratim
1047 1504 1214 1581 Doeringio
1228 1504 1361 1583 explicuit

204 1602 376 1663 Scholiacten
399 1602 535 1681 Cruquii,
557 1622 640 1679 quem
657 1606 716 1681 jam
734 1605 765 1663 in
783 1604 968 1665 annotatione
984 1602 1079 1662 critica
1096 1601 1214 1664 laudare
1229 1623 1361 1663 nemea

204 1708 275 1765 rium
289 1706 379 1762 visum
391 1710 445 1765 est.
489 1702 673 1781 Atargatim
690 1724 775 1782 quam
790 1706 884 1763 verine
898 1705 1073 1764 Hocheder:
1096 1706 1188 1782 „Nur
1201 1725 1283 1767 wenn
1295 1726 1362 1766 mun

204 1809 282 1865 inter
296 1806 325 1864 iu
339 1807 405 1864 dem
417 1805 506 1865 Sinne
519 1808 609 1885 sanct,
630 1808 697 1867 dass
711 1825 741 1865 ea
753 1808 800 1866 die
815 1806 976 1866 Mittellinie
998 1806 1143 1882 benennc,
1165 1808 1211 1866 die
1223 1810 1362 1868 conchen

204 1910 296 1986 Sorge
317 1908 376 1966 und
396 1909 549 1987 Hoffuung
571 1915 625 1968 etc.
645 1909 785 1987 hinliiust,
813 1910 889 1967 ohne
902 1926 960 1967 von
980 1910 1057 1967 einer
1071 1908 1163 1966 diener
1176 1910 1362 1969 Storerinnen

204 2008 405 2071 menechliclrer
425 2009 649 2088 Gliiclcneliglreit
677 2010 793 2069 beriihrt
813 2030 850 2069 au
873 2012 1003 2088 werden,
1032 2010 1125 2069 erhilt
1149 2010 1201 2068 der
1223 2011 1363 2070 Gedunke

205 2114 316 2173 wahren
330 2111 579 2190 Zuaammenhang
590 2114 642 2173 mit
654 2113 719 2171 dem
733 2112 884 2172 Gaunen.“
924 2113 1045 2173 seniora
1059 2113 1096 2170 de
1110 2110 1194 2188 liujus
1206 2112 1363 2192 particulae

204 2214 410 2293 significatione
427 2214 511 2273 docet
526 2214 676 2273 Handr'uc
687 2215 717 2273 in
730 2213 851 2274 Turaell.
865 2212 916 2272 Ill.
927 2236 958 2294 p.
972 2210 1046 2277 405.

289 2315 324 2375 V.
351 2316 401 2378 13.
424 2311 473 2375 14.
522 2314 650 2373 Omnem
671 2316 757 2374 crede
774 2347 819 2361 —
839 2314 924 2382 hora.
968 2316 1089 2393 Mortis,
1118 2331 1192 2392 quae
1218 2312 1265 2373 liic
1287 2320 1363 2375 tecte

205 2419 396 2497 significatur,
418 2417 553 2495 cogitatio
568 2418 631 2495 ipsa
646 2423 691 2477 eet
702 2418 780 2497 apud
797 2424 908 2477 veteres
918 2420 1071 2499 scriptores
1083 2418 1129 2476 vel
1149 2416 1187 2475 ad
1204 2417 1363 2495 „capienda

205 2522 281 2581 dona
299 2520 458 2599 praesentis
477 2519 590 2579 horae“
610 2520 655 2579 vel
673 2520 711 2579 ad
734 2524 811 2578 recte
830 2520 981 2579 vivendum
1002 2518 1168 2598 maurina
1189 2520 1363 2583 adhortatio.

205 2622 252 2685 Cf.
266 2622 324 2683 od.
346 2622 383 2695 1,
407 2617 443 2697 4,
471 2621 522 2683 13.
545 2639 610 2698 sqq.
636 2623 674 2698 2,
694 2620 877 2699 3‚13.sqq.
895 2624 934 2699 2,
958 2622 1018 2699 11,
1039 2623 1090 2683 11.
1113 2617 1362 2700 2‚14,10.sq‹p

207 2726 245 2802 2,
266 2724 322 2801 18,
344 2721 395 2785 29.
416 2742 480 2799 sqq.
501 2722 538 2799 8,
561 2722 597 2799 1,
621 2722 671 2786 15.
693 2740 759 2798 sqq.
783 2722 822 2800 3,
844 2725 884 2800 7,
907 2719 957 2785 14.
978 2743 1044 2801 cqq.
1074 2722 1112 2800 3,
1134 2717 1194 2798 24,
1216 2724 1308 2785 1-8.
1331 2720 1364 2795 l.

207 2823 265 2900 12,
282 2824 333 2885 26.
358 2819 397 2900 4,
412 2826 450 2901 7,
464 2825 515 2888 21.
537 2824 600 2883 Sat
621 2826 659 2902 2,
680 2823 720 2899 6,
747 2820 884 2885 96-97.
926 2823 1005 2883 Pera.
1028 2824 1065 2903 5,
1089 2822 1268 2886 151-153.
1310 2826 1363 2884 Ja-

206 2925 281 2985 cobs.
308 2926 345 2983 ad
367 2922 476 2985 Delect.
503 2925 604 3004 Epigr.
640 2926 679 3000 7,
718 2922 768 2987 28.
797 2942 829 3001 1).
847 2924 919 2988 236.
952 2926 1001 2984 Sic
1018 2923 1142 2984 Martial-
1171 2921 1208 3000 4,
1244 2920 1304 3002 64,
1328 2926 1360 2988 8.

209 3028 246 3086 Si
264 3028 367 3106 sapic,
398 3030 494 3086 amris
518 3029 606 3099 tona,
637 3024 739 3085 Coliuc
758 3022 886 3097 diebus,
909 3026 1144 3106 Extremumque
1171 3024 1228 3083 ubi
1246 3046 1362 3105 compar

205 3130 310 3188 adesce
316 3139 416 3206 putea.
460 3129 504 3190 ld.
519 3130 577 3207 10,
598 3124 656 3207 47,
676 3126 726 3189 18.
769 3127 870 3187 Senec.
879 3126 973 3209 Epist.
993 3129 1045 3191 61.
1080 3127 1123 3187 Id
1133 3146 1194 3206 ago
1202 3170 1216 3199 ,
1237 3139 1273 3185 ut
1285 3129 1364 3188 milli

207 3234 305 3290 irrotat
326 3233 417 3289 νοτίαν
437 3234 518 3291 vitae
538 3232 580 3289 cit
598 3230 669 3295 diae.
712 3228 787 3287 Non
801 3240 951 3310 tanquam
966 3230 1107 3290 ulnarum
1120 3231 1232 3306 rapto,
1253 3233 1309 3291 aed
1319 3237 1365 3293 cic

207 3332 296 3391 illum
310 3334 424 3410 aspicio
435 3375 448 3404 ,
470 3343 689 3413 tanquameece
702 3332 752 3390 vel
765 3331 892 3391 ultimae
907 3335 1014 3411 parad.
1049 3332 1093 3393 Id.
1109 3332 1203 3412 Epist.
1219 3334 1271 3397 12.
1311 3337 1365 3396 Sic

208 3434 395 3494 ordinandae
411 3444 454 3492 cot
467 3435 530 3494 dieo
544 3436 640 3493 omnis
647 3476 659 3504 ,
681 3447 828 3515 tanquam
842 3445 932 3515 cogat
943 3453 1055 3512 agrian
1077 3443 1106 3490 et
1115 3448 1300 3495 consummet
1313 3448 1364 3496 at·

211 3559 268 3617 quc
281 3538 399 3617 expleat
409 3538 514 3597 vitum.
562 3536 622 3615 Qui
635 3558 736 3595 omnes
751 3538 815 3595 dies
826 3548 975 3617 tanquam
995 3534 1137 3593 ulliacum
1148 3538 1287 3611 ordmat,
1309 3560 1365 3599 nec

207 3652 293 3720 optat
312 3642 479 3700 mammam
496 3658 550 3697 neo
571 3640 662 3699 timet.
704 3637 749 3698 Id.
771 3638 866 3721 Epist.
890 3638 941 3700 93.
984 3636 1060 3697 Non
1078 3639 1124 3697 ad
1140 3660 1209 3698 eum
1224 3641 1304 3699 dmm
1317 3660 1365 3699 me

210 3746 338 3823 aptavi,
360 3764 449 3823 quem
465 3742 607 3802 calumum
618 3740 695 3799 milri
704 3760 772 3818 epar
787 3741 885 3799 avida
892 3742 1093 3819 proclamarat,
1110 3742 1166 3801 aed
1173 3743 1295 3801 nrdlum
1303 3762 1366 3801 non

210 3856 359 3927 tanquam
382 3845 526 3905 ultanum
543 3845 657 3921 aspexi.
698 3841 792 3920 Epist.
819 3844 891 3906 101.
937 3842 991 3901 Sia
1010 3843 1184 3923 sommae
1213 3847 1364 3916 animam,

210 3957 359 4027 tanquam
378 3948 424 4007 acl
439 3958 571 4006 anaema
592 3954 715 4006 ventum
733 3946 793 4017 cit5
822 3942 905 4001 nihil
924 3943 1122 4025 differamur:
1149 3944 1282 4025 quou'die
1296 3966 1366 4004 cum

208 4051 273 4108 vita
292 4052 389 4127 paria
410 4052 577 4131 saciamina.
619 4046 664 4108 Id.
688 4044 783 4125 Epist.
805 4043 879 4111 114.
900 4046 937 4105 de
956 4045 1003 4105 lra
1022 4047 1059 4125 3,
1078 4045 1131 4112 42.
1174 4045 1289 4107 Petron.
1313 4046 1365 4112 99.

208 4150 293 4232 (ibiq.
307 4150 420 4233 Burin.)
461 4154 531 4233 Ego
546 4152 590 4209 cic
604 4168 719 4227 semper
733 4158 763 4205 et
775 4144 888 4227 rtbr’quc
900 4148 981 4219 vici,
1008 4159 1043 4207 ut
1059 4148 1199 4207 mimam
1214 4166 1366 4227 quamquo

208 4254 321 4326 lucem,
338 4266 486 4335 tanquam
500 4276 561 4313 non
574 4253 752 4328 redituram,
775 4266 985 4311 connumerem.
1006 4250 1130 4327 Epictet.
1144 4249 1257 4308 Euchir.
1274 4270 1299 4312 c.
1314 4250 1363 4313 21.

208 4358 253 4415 ed.
287 4355 382 4434 Heyn.
429 4352 567 4431 θάνατος
594 4348 654 4435 πρό
679 4346 850 4432 ὀφθαλμοῖν
882 4349 957 4414 ἔστιν
985 4370 1034 4413 σοι
1062 4345 1134 4415 καθ’
1164 4348 1282 4433 ἡμέραν
1312 4350 1366 4415 ecl

211 4450 303 4519 ouillo
325 4456 473 4522 οὐδέποτε
494 4452 637 4520 ταπεινὸν
656 4449 862 4536 ἐνθυμηθήσῃ
882 4456 936 4511 etc.
984 4452 1074 4515 Mare.
1095 4453 1235 4517 Antonin.
1254 4457 1291 4531 7,
1313 4453 1366 4518 29.

207 4575 238 4636 p·
259 4557 330 4621 218.
356 4557 462 4619 Gutak·
491 4554 639 4641 ἐννόησον
669 4552 727 4637 τήν
747 4550 876 4636 ἐσχάτην
895 4548 989 4637 o‘o'pou
1031 4554 1074 4615 ld.
1098 4559 1137 4635 7,
1160 4556 1213 4618 69.
1238 4571 1269 4636 p
1290 4548 1363 4621 234.
