3450 5334
323 494 367 562 ἥ
432 501 713 604 commetat]
731 503 774 564 ili
794 499 963 562 nouam
983 498 1114 562 artat.
1134 501 1244 562 Patra
1261 501 1339 560 Lm
1358 503 1385 560 1.

324 665 411 728 finire
436 667 558 750 dubito,
580 673 653 733 licet
665 670 824 752 ingeniose
844 671 886 729 sit
907 667 1071 730 Kr'rrlm
1087 668 1224 750 (Quaest.
1248 671 1354 730 lloret.
1375 688 1408 748 p.
1421 668 1493 747 36.)

325 788 395 829 eam
408 770 448 831 ad
464 791 581 834 mnam
597 776 661 839 739
674 773 832 834 referentis
844 775 1025 852 conjectura.
1067 769 1137 832 Vid.
1157 771 1198 831 ad
1212 792 1243 831 r.
1256 774 1289 836 3.
1330 769 1368 830 ld
1388 782 1493 830 tamen

324 892 380 953 pro
401 884 484 936 certo
507 873 686 938 habendum
706 873 841 949 ridetur,
870 875 1031 935 Horatium
1061 883 1160 932 aetate
1184 876 1251 954 jem
1270 875 1494 954 provectiorem

324 985 394 1054 post
405 977 517 1057 lyrica,
543 997 621 1060 quae
638 989 700 1038 tres
717 977 766 1037 illi
780 977 852 1035 libri
873 975 1087 1057 suppeditant,
1107 974 1167 1038 hoc
1183 977 1375 1057 podmmim
1385 977 1494 1034 mitio-

324 1078 366 1137 ris
377 1078 544 1158 sapientiae
556 1081 685 1160 plenum
705 1081 929 1160 composuisse,
951 1098 1015 1138 non
1034 1090 1069 1139 ut
1087 1090 1169 1139 esset
1185 1080 1249 1138 reri
1268 1080 1417 1160 prooemii
1441 1081 1493 1138 lo-

324 1200 361 1239 co
371 1176 418 1262 '),
432 1179 516 1263 quod
529 1180 646 1241 erudite
659 1181 878 1242 damonstrevit
891 1179 1080 1240 mrem
1090 1201 1122 1262 Ρ.
1131 1182 1174 1245 12
1188 1190 1220 1241 et
1229 1179 1291 1256 38,
1311 1180 1369 1240 sed
1388 1183 1493 1262 potius

323 1282 511 1344 credendum
524 1293 584 1359 est,
603 1281 682 1344 illud
697 1285 757 1344 alia
771 1282 905 1366 quadem
918 1285 1093 1358 occasione,
1114 1303 1175 1364 qua
1188 1285 1347 1342 Maecenas
1362 1287 1493 1344 Poetam

324 1383 364 1443 ad
377 1387 510 1467 lyricum
530 1384 687 1467 quoddam
707 1383 882 1448 cohortatus
904 1394 999 1460 esset,
1019 1387 1168 1465 scriptum
1185 1396 1217 1445 et
1229 1383 1356 1446 edendis
1365 1389 1494 1467 Episto-

324 1487 363 1545 lis
377 1487 568 1567 propositum
582 1507 664 1564 csse,
686 1499 720 1548 nt
734 1489 890 1567 prooemio
910 1489 999 1567 quasi
1012 1487 1180 1546 inserviret.
1209 1489 1311 1560 Quum
1328 1507 1370 1546 ex
1377 1487 1494 1547 Kireh-

325 1589 392 1646 nerr'
407 1587 583 1648 doctissima
603 1588 641 1648 de
661 1591 751 1650 rebus
769 1589 991 1670 chronologicis
1012 1587 1215 1669 disputatione
1228 1601 1388 1670 appareat,
1415 1591 1492 1648 Cer³

324 1692 445 1748 miratam
465 1702 526 1750 tres
539 1692 633 1752 libros
646 1694 777 1772 priores,
793 1695 967 1774 promiscue
984 1694 1184 1771 compositos,
1207 1693 1346 1750 simulet
1362 1693 1493 1770 conjun-

325 1795 400 1851 ctim
413 1792 511 1854 editos
525 1794 603 1852 circe
630 1813 746 1854 annum
772 1799 836 1860 736
851 1797 963 1871 fnisse,
984 1795 1075 1853 facile
1100 1794 1299 1874 intelligitur,
1313 1793 1397 1853 tatae
1412 1796 1493 1873 Epi-

324 1895 434 1954 rtclcm
454 1915 516 1954 nco
533 1903 605 1954 ante
624 1917 742 1956 annum
763 1900 826 1961 736
846 1899 993 1976 emptam
1016 1917 1088 1956 erre.
1141 1899 1187 1954 Ne
1216 1899 1285 1977 quIs
1309 1894 1389 1955 mihi
1410 1899 1491 1976 obji-

325 1997 386 2054 ciat
397 1998 494 2076 Epist.
510 1999 546 2074 1,
559 1999 612 2062 20.
630 2000 754 2080 Epilogi
765 2001 833 2060 loco
846 2003 991 2080 scriptam
1001 2010 1034 2058 et
1047 2017 1163 2058 annum
1174 1997 1239 2063 731
1251 2021 1283 2058 ιι.
1298 2021 1326 2059 c.
1341 2001 1426 2059 Varr.
1438 2003 1492 2058 in-

325 2095 492 2174 dicantem,
508 2119 569 2181 quo
583 2105 651 2163 loco
666 2104 839 2182 nuperrime
853 2105 965 2162 abusos
979 2111 1026 2161 eat
1039 2101 1183 2180 langa«
1197 2102 1231 2158 in
1240 2103 1354 2160 Berlin.
1362 2099 1490 2162 Jelsrbb.

325 2200 348 2256 f.
372 2201 455 2259 wisa.
478 2203 555 2261 Krtt.
577 2203 677 2268 1838.
705 2207 742 2262 Ν.
761 2206 832 2268 107.
859 2226 891 2285 Ρ.
905 2205 984 2278 862,
1008 2203 1162 2262 observari
1181 2206 1294 2279 velim,
1319 2207 1492 2284 Epistulam

325 2299 520 2360 undecimam
529 2305 625 2385 lyrica
638 2324 701 2366 nou
711 2306 805 2368 modo
820 2310 948 2386 scripta,
969 2325 1077 2364 rerum
1090 2308 1182 2364 etiam
1192 2307 1258 2383 jam
1271 2305 1354 2366 edita
1366 2329 1491 2388 ponere,

325 2421 387 2482 qua
405 2403 531 2484 quidem
542 2427 575 2466 re
591 2410 650 2468 elia
661 2411 816 2489 Epistolae
825 2409 988 2468 vicesimae
1002 2407 1245 2488 interpretandae
1260 2412 1337 2469 ratio
1352 2421 1444 2491 atque
1453 2431 1491 2470 ea

321 2514 391 2580 est,
418 2522 511 2586 qnam
527 2511 574 2567 vir
587 2511 642 2570 ille
657 2509 764 2570 doctus
780 2513 865 2586 iniit,
882 2511 1056 2592 quaerenda
1070 2510 1232 2570 videbitur.
1274 2513 1327 2570 Ex
1340 2515 1491 2570 sententia

330 2607 371 2666 G.
389 2607 428 2665 F.
453 2608 631 2690 Gmtescndt'
638 2613 671 2670 in
681 2614 848 2694 Encyclop.
860 2615 985 2672 nalem.
1001 2615 1040 2672 Χ.
1053 2623 1126 2672 sect.
1141 2617 1173 2676 2·
1189 2633 1221 2692 p·
1234 2609 1308 2677 475.
1327 2613 1404 2673 haec
1423 2618 1491 2694 pri-

325 2728 375 2766 ma
385 2709 523 2788 Epistola
536 2715 629 2793 paulo
651 2726 721 2774 ente
742 2717 871 2774 (tannen
886 2717 988 2776 Secul.
1005 2719 1116 2798 scripta
1137 2725 1204 2790 est3
1226 2735 1246 2772 a
1265 2735 1326 2795 que
1343 2721 1491 2796 temporIs

321 2811 489 2872 deliniendi
502 2817 618 2875 ratione
631 2837 694 2876 non
705 2819 837 2876 multum
853 2817 995 2880 abhorret
1009 2819 1215 2892 Wer'clrertm,
1236 2821 1290 2898 qui
1304 2837 1374 2876 eam
1387 2817 1491 2898 (Petit.

323 2917 392 2974 Lat.
408 2917 507 2999 Reliq.
517 2937 549 2998 p.
556 2915 645 2996 458.)
659 2939 720 2980 non
732 2930 802 2979 ante
817 2941 933 2981 aunum
945 2923 1010 2985 737
1022 2931 1178 2980 exaratam
1195 2916 1396 3000 opinatnr⁸⁸).
1428 2921 1491 2978 Oe-

324 3027 424 3078 terum
440 3030 541 3081 totum
553 3021 760 3101 Epistularum
770 3025 884 3082 libmm
904 3027 1039 3104 primum
1052 3023 1203 3105 (Bentlejr'
1218 3025 1302 3082 euim
1323 3021 1362 3081 de
1380 3021 1439 3082 hec
1457 3045 1491 3082 re

324 3125 474 3182 cententio
486 3125 551 3201 jem
561 3121 682 3203 pridem
692 3126 819 3206 explosa
831 3125 890 3206 est)
906 3125 1109 3206 Grntefendns
1121 3127 1144 3185 l.
1158 3127 1181 3184 l.
1201 3145 1232 3204 Ρ.
1245 3120 1426 3188 472-475.
1449 3127 1489 3184 ab

325 3243 406 3282 anuo
426 3223 490 3287 783
501 3219 559 3305 Ψ)
574 3245 672 3308 usque
689 3226 858 3286 adoneum
872 3227 935 3290 737
952 3230 1099 3307 scriptum
1120 3226 1297 3307 editumque
1318 3227 1490 3303 erlsitretur,

324 3325 511 3384 Kr'rclmerm
528 3327 616 3385 illam
632 3329 839 3408 Epistolarmu
860 3341 892 3388 et
905 3332 1101 3411 scriptionem
1116 3343 1147 3390 et
1166 3327 1332 3388 editionem
1350 3333 1438 3389 annis
1456 3353 1490 3392 u.

323 3449 352 3486 c.
367 3429 450 3486 vm.
460 3426 640 3492 tat-789.
656 3427 700 3509 (Ρ.
711 3430 764 3494 86.
776 3427 843 3522 41.)
865 3433 1017 3506 attribuit,
1047 3431 1087 3490 ed
1101 3452 1195 3512 quem
1211 3434 1350 3513 proxime
1371 3433 1491 3492 accedit

329 3532 537 3604 Weichertuc‚
558 3533 612 3611 qni
629 3533 663 3588 in
681 3553 771 3612 opere
787 3536 954 3595 novissimo
974 3534 1012 3593 de
1029 3535 1123 3593 Lucis¹
1138 3537 1228 3596 Varii
1244 3546 1274 3592 et
1288 3533 1387 3593 Cereri
1404 3537 1490 3594 Purk

324 3638 434 3696 mensis
453 3635 515 3696 Vc.
533 3645 562 3692 et
580 3635 681 3695 cam.
698 3637 821 3695 Grimae
838 3637 933 3701 1836.
953 3656 985 3715 Ρ.
1002 3637 1074 3698 167.
1088 3638 1202 3698 librum
1223 3637 1305 3695 hunc
1323 3639 1402 3696 circa
1426 3641 1490 3697 iui-

323 3743 403 3798 tium
417 3739 490 3796 armi
504 3736 568 3800 738
582 3735 699 3796 editum
713 3749 825 3797 censet.
867 3738 1026 3800 iudicium
1045 3759 1139 3818 penes
1153 3743 1229 3802 alios
1248 3750 1324 3800 esto.

392 4011 422 4082 *)
445 4010 588 4082 Scriptura
598 4007 658 4061 illas
669 4005 713 4060 Art
725 4005 906 4062 macerarer
915 4008 1060 4078 Allocutic,
1082 4026 1100 4063 a
1111 4009 1256 4065 Torrentio
1268 4013 1297 4068 in
1307 4016 1490 4071 vetustissimo

324 4096 416 4150 codice
427 4113 477 4150 ros.
489 4103 611 4166 reperta,
624 4111 657 4148 ex
669 4094 907 4147 Grammaticorum
917 4096 1022 4149 ratione
1032 4095 1190 4165 explicanda
1200 4099 1317 4154 ridetur.
1336 4083 1342 4090 ’

392 4195 436 4266 **)
464 4199 509 4253 Ex
526 4203 615 4253 mente
629 4195 769 4250 Sercdosi
784 4193 915 4251 Horatius
931 4198 1002 4252 hanc
1015 4197 1167 4270 Epistulam
1182 4199 1334 4257 Maecenati
1351 4204 1492 4276 inscripsit

324 4285 516 4356 qninquaginta
527 4285 604 4339 annis
620 4285 718 4353 majort
734 4283 804 4337 idem
820 4283 880 4337 iere
894 4285 977 4339 sentit
990 4285 1165 4356 Dorigiellsr
1183 4287 1310 4344 Vulcrtas
1324 4290 1353 4344 in
1370 4292 1490 4363 synopsi

321 4369 513 4440 ehrmslogica
527 4371 572 4444 (p.
591 4369 710 4440 xxvt.)
727 4369 778 4426 741
795 4369 849 4440 [il]
866 4387 895 4424 a.
912 4387 942 4425 u.
959 4371 1085 4443 scriptam
1095 4379 1185 4443 putat.

392 4467 448 4540 m)
470 4469 809 4542 Quamredissentiam,
830 4471 1038 4529 dixiinidmi
1054 4475 1167 4531 Jahrbb.
1186 4479 1265 4536 1835.
1282 4477 1346 4533 XV.
1368 4481 1394 4534 1.
1411 4479 1490 4552 Ρ.68

323 4575 385 4632 sqq.
417 4557 466 4614 Gi.
481 4557 550 4616 ibid·
568 4559 647 4616 1836.
664 4558 741 4616 xvt.
753 4562 780 4616 1.
798 4577 827 4633 Ρ.
844 4559 890 4617 li.
904 4559 950 4616 51.
967 4567 996 4616 et
1012 4563 1043 4618 0.
1056 4561 1166 4619 rm.
1180 4562 1201 4619 l.
1218 4565 1240 4620 1.
1257 4566 1325 4622 Not.
1335 4567 1399 4623 281.
