3450 5334
302 516 345 584 78
407 519 687 582 commun
706 519 749 581 m
768 519 937 581 troam!
957 519 1089 580 EPIST.
1110 521 1220 584 Plth.
1239 521 1317 580 LlB.
1340 525 1365 582 l.

298 712 382 772 μω
389 691 513 771 pollent
521 712 535 764 ,·
556 686 597 749 ad
612 689 702 750 illum
715 690 818 752 locum
833 686 897 749 rid.
915 707 991 770 quos
1008 687 1113 750 laudat
1128 689 1163 750 G.
1181 689 1309 750 M‘u'ller.
1327 693 1361 750 in
1376 691 1467 750 Cont-

303 805 426 853 Μία.
450 793 488 852 da
507 791 565 851 loc.
588 791 706 872 aliquot
725 791 799 849 Juv.
826 791 915 871 Spcc.
945 794 974 854 1.
999 813 1031 872 p.
1062 792 1094 853 9.
1120 790 1309 871 (llsmburg.
1335 790 1467 871 1831.),

303 895 394 957 etde
416 897 509 956 verbo
529 892 718 972 palasano·
738 895 772 952 iu
791 891 850 952 hac
873 915 905 952 re
926 896 1037 954 usitato
1060 893 1195 952 Μήιον.
1229 891 1268 954 ed
1288 896 1373 952 Pers.
1397 893 1464 954 sot.

303 1003 337 1062 4.
361 998 445 1077 Truj.
470 995 511 1056 ad
530 996 634 1058 Viadr.
653 996 747 1060 1807.
772 1015 805 1076 Ρ.
827 993 871 1059 64
884 1015 953 1078 sqq.
990 998 1154 1056 Democrit.
1177 995 1247 1077 (ep.
1270 997 1364 1056 Orell.
1382 999 1408 1054 1.
1432 1015 1465 1074 p.

302 1101 356 1166 96.
380 1121 428 1160 ιιι.
450 1100 524 1182 81.)
543 1101 640 1180 Δίκης
652 1099 760 1174 κῦδος,
782 1091 908 1180 γνώμης
920 1092 1040 1178 θάρσος
1055 1095 1109 1161 sui
1123 1091 1277 1179 edovptq,
1298 1091 1420 1177 α’δικίης
1433 1093 1469 1160 di

302 1204 393 1283 tetros
415 1203 576 1282 ξυμφορῆς
597 1199 707 1284 τέρμα,
735 1199 790 1258 ubi
816 1201 948 1262 Orellius
973 1202 1173 1260 lloretienum
1202 1202 1306 1261 locum
1334 1200 1464 1260 confert.

303 1303 479 1366 Secundum
498 1307 639 1363 Biantem
660 1299 749 1383 (ibid.
763 1323 796 1382 p.
808 1300 878 1365 184.
892 1321 938 1364 ιιι.
947 1302 1013 1384 19.)
1027 1314 1074 1362 est
1086 1297 1167 1385 ὀρθὴ
1183 1303 1369 1382 σννείδησις,
1386 1321 1467 1383 quoe

303 1411 376 1469 fucit
386 1405 438 1473 τὸν
448 1409 519 1490 dios
537 1403 668 1488 ἄφοβον.
688 1407 773 1462 Bene
787 1407 880 1464 etiem
890 1405 1092 1486 Demophilus
1111 1403 1199 1485 (ibid.
1214 1425 1244 1484 Ρ.
1257 1405 1311 1468 88.
1324 1405 1465 1486 nr.16.):

303 1508 449 1589 admone
471 1504 506 1571 dl
519 1502 596 1586 πρὸς
618 1501 746 1581 titutum
763 1501 799 1569 cd
817 1503 914 1588 μηδὲν
935 1501 1067 1585 uidistis,
1089 1517 1120 1567 et
1137 1511 1290 1588 Diogenes
1309 1503 1364 1587 (ih.
1383 1510 1421 1568 ll.
1435 1528 1467 1587 p.

302 1615 357 1677 68.
378 1631 425 1670 nr.
440 1608 526 1689 47.):
558 1611 610 1684 Tic
629 1605 687 1692 yoip
710 1601 750 1670 ds
768 1599 861 1689 ἦττον
879 1603 1009 1691 φοβοῖτό
1030 1633 1075 1686 τι,
1094 1605 1117 1692 ἢ
1127 1611 1261 1692 &spacio
1276 1605 1423 1690 redituro,
1443 1603 1467 1690 ἢ

301 1709 384 1788 ’ὅστις
398 1708 483 1798 αὑτῷ
497 1707 592 1792 μηδὲν
605 1710 756 1790 συνειδείη
769 1705 879 1788 κακόν,
899 1713 987 1772 Stoh.
1002 1713 1101 1772 Seno.
1116 1713 1214 1771 XXIV
1227 1709 1265 1770 de
1275 1713 1467 1772 Conscientia

301 1839 334 1900 p.
341 1816 417 1880 860.
433 1814 480 1874 cf.
487 1810 641 1872 Plutarch.
648 1810 796 1872 dsAnim.
805 1815 993 1896 Tranq.Vll.
1004 1836 1035 1894 Ρ.
1044 1815 1118 1878 868.
1127 1816 1163 1874 R.
1178 1825 1208 1873 st
1217 1813 1324 1873 Pabst.
1336 1812 1376 1873 od
1389 1817 1466 1875 Tac.

303 1923 361 1982 An
371 1919 402 1993 6,
415 1915 598 1994 6.inllclog.
605 1915 704 1974 Tscit.
710 1935 742 1994 Ρ.
753 1915 816 1979 186
823 1935 871 1997 sq.
880 1949 924 1960 —-
934 1917 1059 1977 Versum
1067 1937 1122 1976 ouo
1134 1917 1202 1976 loco
1212 1918 1376 1977 festinaturi
1390 1917 1467 1976 olim

302 2021 519 2082 ihusuavimus
532 2017 812 2078 iuZimmcrmanni
821 2021 955 2100 Allgem.
971 2017 1135 2079 Schulzeit.
1144 2021 1183 2080 11.
1201 2019 1292 2083 1888.
1305 2040 1337 2100 Ρ.
1346 2019 1410 2082 876
1417 2038 1466 2100 sq.

386 2124 423 2182 V.
444 2115 594 2186 62-64.
637 2119 752 2178 Roscia
768 2153 812 2168 ·-
836 2119 998 2181 Camillis?
1039 2124 1107 2182 hex
1123 2123 1232 2182 Roscia
1252 2123 1314 2182 luta
1328 2132 1374 2181 est
1388 2123 1466 2186 687.

303 2247 335 2286 u.
348 2246 375 2285 o.
391 2225 476 2285 Varr.
495 2241 514 2281 a
531 2221 573 2281 L.
588 2221 699 2282 Rosezo
721 2221 859 2295 Othone,
879 2223 999 2284 tribuno
1019 2223 1135 2304 plebis,
1157 2241 1219 2304 qua
1239 2225 1409 2300 sancitum,
1432 2235 1468 2284 ut

303 2327 419 2388 nesciui
423 2367 438 2399 ,
457 2325 519 2384 nisi
530 2345 619 2404 eques
629 2335 659 2383 et
673 2325 803 2405 equestri
814 2345 906 2384 certon
917 2335 1009 2398 met,
1030 2326 1064 2382 in
1079 2325 1305 2404 quatuordeeim
1313 2325 1467 2407 gradihus

226 2469 230 2476 ·
303 2429 469 2490 orchutms
481 2425 579 2484 udae
590 2426 701 2486 hona.
733 2424 802 2487 Vid.
816 2447 893 2507 quos
909 2425 965 2487 hac
979 2426 1017 2487 de
1035 2447 1068 2486 re
1082 2427 1208 2488 laudent
1219 2427 1321 2488 Bacd.
1338 2429 1372 2486 in
1385 2429 1466 2488 Hitt.

302 2533 432 2612 Jurispr.
449 2531 539 2588 Rom.
560 2548 592 2607 Ρ.
608 2528 682 2592 176.
703 2538 734 2587 et
753 2529 890 2591 Creusa.
915 2533 949 2591 ln
970 2531 1129 2608 „Abriss“
1149 2540 1206 2590 eto.
1228 2527 1246 2612 5
1267 2533 1319 2596 88.
1335 2552 1367 2611 Ρ.
1389 2531 1465 2596 126.

302 2634 392 2697 Adde
405 2633 507 2692 Bentl.
523 2639 554 2689 et
566 2627 688 2689 hlitsch.
704 2628 744 2690 sd
759 2630 860 2712 Epod.
876 2629 915 2710 4,
932 2633 983 2699 16.
1001 2643 1031 2692 et
1051 2653 1126 2716 quos
1145 2631 1268 2694 laudari
1289 2635 1323 2694 in
1343 2633 1416 2693 edit.
1435 2636 1465 2699 1.

303 2759 335 2819 p.
354 2737 407 2802 69,
448 2737 514 2808 Qua
534 2735 568 2792 in
583 2753 616 2791 re
636 2730 905 2794 animadvertendo
924 2746 970 2795 ast
992 2738 1108 2796 lloretii
1127 2737 1267 2810 libertus,
1290 2756 1350 2818 que
1363 2738 1467 2816 legem

303 2840 457 2921 publicum
468 2837 669 2917 perstringere
679 2856 743 2896 uon
760 2834 917 2898 dubitavit.
959 2839 1041 2911 Quos
1053 2837 1178 2919 quidem
1193 2858 1284 2898 causa
1299 2841 1377 2900 bene
1390 2841 1467 2900 illu-

302 2953 415 3003 suatur
435 2961 455 3000 a
471 2941 618 3000 Suetonio
632 2942 666 2998 iu
686 2941 746 3002 Vit.
762 2943 842 3021 Aug.
864 2939 920 3007 40.
950 2943 989 3000 cf.
1003 2940 1078 3002 ibid.
1095 2939 1149 3006 44.
1178 2940 1266 3015 Quod
1282 2941 1364 3002 idem
1376 2943 1467 3002 illam

302 3065 466 3129 puerorum
478 3045 643 3104 formulam
667 3040 780 3126 (qualis
801 3065 907 3125 reapse
927 3043 1032 3120 fuerit,
1055 3045 1108 3104 alii
1123 3043 1268 3122 doceant,
1289 3043 1353 3108 vid.
1372 3043 1466 3106 Both.

303 3148 344 3208 sd
358 3169 390 3208 v.
407 3148 460 3211 68.
474 3166 523 3226 op.
535 3146 583 3228 ll.)
600 3148 723 3205 centnm
738 3146 826 3224 dicit,
850 3157 898 3206 est
920 3165 960 3204 ex
981 3144 1103 3206 dicendi
1121 3167 1194 3222 ιιιιι,
1224 3166 1283 3228 quo
1305 3146 1466 3228 quodlibet

303 3271 426 3310 cor-men
444 3245 633 3308 inconditum
644 3257 675 3306 et
696 3255 847 3311 cantilena
866 3249 986 3329 saepius
1009 3252 1136 3329 repetito
1157 3251 1249 3309 nenio
1267 3261 1409 3326 vocatur,
1430 3249 1465 3308 id

303 3353 388 3436 quod
402 3353 462 3412 viri
478 3349 559 3410 docti
570 3347 622 3408 hic
640 3351 706 3408 illic
725 3363 924 3427 annotarunt,
945 3349 1008 3411 vid.
1022 3352 1135 3432 Scolig.
1155 3349 1195 3411 ad
1214 3354 1300 3414 Verr.
1317 3354 1354 3411 Ιι.
1367 3354 1403 3412 1..
1423 3355 1465 3412 Π.

302 3479 335 3539 p.
352 3459 443 3532 227.,
463 3451 592 3515 casaub.
608 3449 649 3509 sd
670 3451 827 3537 Theophr.
841 3453 898 3514 ch.
917 3457 948 3518 7.
967 3474 998 3533 Ρ.
1015 3451 1087 3517 104.
1104 3453 1152 3514 ed.
1170 3457 1221 3532 8.,
1246 3455 1332 3535 Gisp.
1354 3455 1464 3534 (luper.

302 3562 338 3617 in
352 3557 439 3618 0bss.
457 3561 494 3633 1,
511 3557 542 3618 1..
558 3573 592 3633 Ρ.
606 3556 637 3616 7.
658 3557 780 3618 much.
794 3555 835 3618 ud
852 3551 952 3638 Epod.
971 3555 1029 3630 17,
1047 3553 1101 3616 29·
1123 3556 1163 3616 cf.
1176 3557 1306 3637 interpp.
1322 3554 1361 3616 ad
1374 3549 1465 3618 Paul.

301 3663 388 3722 Diuc.
409 3682 439 3741 p.
461 3657 535 3723 619.
556 3654 605 3716 ed.
626 3656 765 3719 hindem.
785 3659 837 3720 Sic
852 3655 1009 3718 Phaedrus
1033 3656 1154 3717 tabulas
1178 3677 1249 3718 sues
1273 3670 1362 3718 vocet
1387 3659 1465 3718 vdes

303 3763 411 3821 meiius
427 3759 502 3820 l‘sh.
516 3757 548 3835 8,
563 3759 642 3839 pnol.
662 3761 732 3837 10.;
755 3758 785 3838 4,
803 3762 832 3837 1,
844 3761 877 3825 3.
898 3757 986 3841 (ihiq.
1003 3761 1108 3820 Heius.
1123 3770 1154 3820 et
1166 3757 1328 3842 Schwabe)
1343 3771 1373 3820 et
1386 3763 1465 3820 Ful-

294 3866 423 3944 .gentios
443 3865 477 3922 iu
489 3859 621 3943 Mythol.
636 3863 667 3925 1.
686 3883 719 3943 Ρ.
731 3864 764 3926 2.
782 3861 830 3923 sd.
843 3859 970 3922 Muuch.
984 3861 1149 3924 versiculos
1162 3883 1234 3924 suos
1249 3863 1466 3923 melianum

304 3969 421 4044 neruos.
464 3967 576 4026 linunt
595 3975 714 4042 sutem,
736 3967 790 4047 qui
804 3967 838 4024 in
851 3967 945 4028 verbo
960 3967 1122 4027 &cantata
1135 3986 1250 4027 novum
1264 3968 1352 4047 quusi
1370 3983 1466 4046 orgui-

302 4056 440 4147 rnentum
451 4067 556 4128 videre
568 4068 628 4128 sihi
640 4068 699 4128 risi
711 4079 797 4144 suut,
821 4088 882 4150 quo
897 4067 973 4128 hoec
989 4071 1090 4131 omnio
1103 4069 1212 4130 verbo:
1234 4068 1303 4127 Rex
1314 4101 1357 4112 —
1370 4072 1466 4150 culpe

302 4173 379 4230 olim
389 4190 408 4229 a
420 4172 520 4232 Curiis
532 4180 564 4230 et
575 4171 711 4232 Camillis
724 4181 844 4230 cantata
858 4173 893 4230 in
903 4174 1053 4252 puerilem
1066 4183 1140 4232 tunc
1157 4173 1341 4257 cantilenam
1353 4171 1465 4249 adiisse

302 4272 362 4331 sibi
375 4272 577 4351 persuadent,
598 4281 633 4332 ut
651 4273 698 4332 vir
713 4258 820 4333 doctus
836 4273 962 4354 quidam
975 4277 1009 4334 in
1026 4277 1096 4338 Jen.
1108 4277 1145 4334 Ι..
1159 4277 1195 4334 Ζ.
1212 4275 1307 4340 1828.
1323 4261 1376 4334 for.
1391 4278 1465 4340 110.

303 4393 334 4453 Ρ.
348 4373 423 4436 898.
441 4373 516 4455 Vni.
538 4377 632 4436 stium
646 4375 721 4436 Duo.
741 4385 773 4436 et
793 4375 919 4436 Gesner.
934 4377 1110 4436 Decantwe
1132 4377 1215 4436 enim
1237 4375 1327 4458 saepe
1345 4367 1394 4437 ¹est
1405 4399 1464 4458 pro

302 4475 454 4553 repetendi
465 4478 575 4555 verbo,
594 4478 718 4538 notione
730 4475 865 4560 quodum
883 4481 1030 4540 satietatis
1045 4478 1204 4558 adjuncta,
1225 4489 1260 4540 ut
1277 4499 1327 4560 ep.
1346 4481 1407 4540 (lic.
1423 4478 1465 4539 ds

302 4576 385 4637 ont.
398 4579 437 4654 2,
454 4577 512 4656 18,
527 4579 582 4644 76.
604 4582 673 4642 rin.
686 4577 726 4659 4,
742 4577 782 4660 4,
799 4581 854 4646 10.
874 4583 977 4644 nicio.
994 4585 1028 4662 1,
1042 4578 1102 4660 47,
1118 4581 1190 4646 106.
1211 4583 1326 4643 Lucan.
1340 4582 1372 4660 6,
1386 4579 1464 4648 894.
