3450 5334
252 522 294 588 35
358 515 642 581 COMMENTARII
663 516 708 577 IN
727 515 895 577 HORATII
915 514 991 576 LIB.
1005 516 1028 577 1.
1043 515 1167 579 EPIST.
1182 518 1297 579 SEXT.
1348 518 1411 585 307

251 712 308 771 tius
330 708 404 784 loci,
439 724 497 785 qne
515 708 654 784 imprimis
675 705 848 783 Cyrenaicos
871 705 952 783 sequi
972 704 1083 763 videtur
1102 704 1192 783 Hom,
1239 706 1412 767 Schmidius

251 812 351 871 trudet
370 810 430 867 cre.
453 807 597 885 Taso-4,
618 810 652 884 6,
676 810 726 873 12.
747 808 780 885 3,
803 809 853 885 13,
876 808 946 878 28.;
967 812 998 865 ut
1019 808 1073 865 huc
1094 810 1201 867 iaciunt
1221 807 1276 867 loci
1298 831 1411 889 quoque

252 916 301 995 qui
322 919 491 989 sequuntru:
514 911 575 969 Cic.
597 909 666 970 ibid.
687 908 720 987 4,
743 911 795 986 26,
818 908 870 972 67.
919 909 1005 986 Quid
1023 920 1079 981 est,
1104 910 1186 990 quod
1205 920 1322 969 tantam
1334 934 1412 991 gra-

251 1018 375 1073 vitatem
397 1015 654 1093 constantiamque
670 1012 847 1092 pertendet?
867 1034 910 1071 an
930 1014 1128 1089 improvisum
1148 1012 1270 1093 aliquid
1288 1026 1344 1073 aut
1363 1036 1412 1073 re-

248 1116 431 1196 pentinum?
465 1115 542 1195 quid
552 1127 653 1193 potest
668 1116 802 1177 accidere
821 1114 881 1173 tuis
902 1117 950 1187 ei,
986 1116 1037 1171 nui
1061 1114 1159 1185 nihil,
1192 1116 1274 1195 quod
1297 1117 1413 1176 Inmiti

253 1222 367 1279 evenr're
382 1222 482 1297 possit
501 1218 573 1282 ...i
601 1218 649 1278 Cf.
671 1219 703 1294 5,
724 1221 776 1295 28,
799 1221 851 1281 81.
874 1219 976 1277 Senes.
1004 1216 1099 1296 Epist.
1120 1216 1172 1281 91.
1204 1218 1412 1298 Increpectuta

250 1324 323 1401 pirre
342 1331 527 1401 aggravant.
570 1321 701 1381 Novitas
714 1318 822 1394 uris'ieit
842 1317 1069 1376 calamitatibus
1075 1318 1208 1397 pondus.
1244 1321 1312 1380 Nec
1330 1324 1412 1402 quis·

252 1445 345 1504 quam
365 1423 539 1483 mortalium
556 1445 617 1482 non
637 1424 749 1501 magis,
771 1422 854 1501 quod
873 1422 964 1479 etiam
978 1424 1105 1479 miratus
1119 1432 1174 1493 est,
1190 1421 1297 1482 doluit
1339 1426 1411 1485 sto

252 1526 334 1585 nihil
353 1525 438 1585 nobis
466 1528 662 1605 impruvr'eum
686 1544 747 1583 esse
774 1522 879 1593 debet,
916 1526 949 1581 in
978 1524 1080 1581 omnia
1104 1527 1343 1601 praemittendus
1368 1538 1413 1587 est

252 1632 375 1691 animus
405 1662 449 1673 -·
479 1650 535 1687 nec
563 1639 712 1709 quantum
739 1626 909 1705 plurimum
931 1636 1032 1704 potest
1051 1626 1146 1701 fieri,
1180 1650 1413 1707 praesumamur

252 1735 369 1803 animo,
387 1733 415 1790 si
430 1732 571 1791 nolumus
593 1732 732 1808 opprini
754 1750 809 1788 nec
830 1728 903 1787 ullis
927 1730 1079 1787 inusitatis
1102 1730 1185 1788 velut
1205 1735 1291 1792 novis
1309 1733 1412 1793 obstu-

249 1836 365 1913 pefieri.
410 1834 454 1895 Id.
479 1832 575 1911 Epist.
606 1832 678 1895 107.
704 1834 874 1910 imparatus
901 1830 991 1887 etiam
1021 1829 1173 1891 levissima
1200 1838 1329 1912 expavit.
1373 1836 1416 1897 Id

252 1937 404 2017 agendam
425 1946 487 2006 est,
523 1954 562 1991 ne
580 1934 657 2013 quid
675 1932 761 1991 nobis
779 1935 969 2010 inopinatum
984 1934 1094 1993 eitetc.
1122 1936 1194 1995 Ibid.
1213 1938 1284 2000 110.
1323 1939 1414 1997 Vana

252 2049 324 2097 sunt
348 2040 421 2108 ista,
442 2057 521 2116 quae
540 2056 594 2094 nos
615 2044 747 2105 moverit,
768 2054 846 2113 quae
867 2036 1007 2093 attonitus
1024 2034 1144 2095 habent.
1188 2040 1261 2098 Ibid.
1283 2041 1337 2118 76,
1360 2043 1411 2105 26.

252 2140 295 2199 ld.
317 2142 355 2199 ad
375 2141 466 2199 Mure.
488 2139 520 2200 9.
561 2139 690 2197 Necesse
710 2146 754 2195 est
773 2138 874 2216 usagio
895 2156 1070 2195 corruamus
1077 2180 1091 2208 ,
1127 2140 1182 2218 qui
1202 2146 1291 2222 quasi
1311 2163 1346 2201 ex
1363 2146 1413 2201 in-

253 2244 373 2321 opinato
387 2241 527 2321 ferimur.
575 2241 660 2318 Quae
681 2238 775 2298 multo
797 2250 868 2297 ante
883 2242 1027 2317 praevisa
1047 2252 1133 2319 sunt,
1167 2242 1344 2323 lunffldiuo
1365 2266 1413 2303 es·

254 2355 389 2403 oemunt.
433 2345 500 2402 Hie
520 2362 575 2401 nos
602 2363 683 2401 error
710 2342 840 2419 decipit,
876 2340 927 2398 iric
954 2340 1127 2421 ffeminat,
1164 2344 1239 2403 dnm
1261 2350 1413 2425 patimur,

254 2468 332 2527 quae
350 2466 509 2525 nunquam
530 2465 585 2503 noe
600 2447 670 2523 pati
684 2444 906 2522 praevffimm.
949 2442 1020 2503 Inde
1042 2445 1084 2503 M.
1107 2444 1268 2507 Antoninus
1292 2453 1329 2528 1,
1362 2452 1413 2515 15.

252 2550 349 2609 laudat
369 2545 403 2611 vi
421 2541 622 2627 ἆθαόμαστον
642 2546 695 2609 not
716 2540 914 2625 ἆνέπληκτον.
958 2546 1040 2616 Quae
1055 2550 1169 2625 quidem
1185 2554 1314 2631 exemplu
1328 2574 1413 2632 quum

252 2656 372 2713 maxime
393 2654 424 2710 in
446 2650 567 2710 alteram
586 2658 700 2736 portem
720 2651 866 2727 dicanou,
902 2649 1061 2709 audiendus
1083 2652 1207 2711 Orellius
1230 2662 1293 2732 est,
1328 2676 1414 2733 quum

252 2758 331 2835 dicit,
351 2756 482 2815 homiues
504 2754 662 2813 hereditate
676 2752 770 2830 ulique
786 2753 981 2827 inexspectata
999 2750 1043 2810 vei
1064 2753 1179 2830 publice
1195 2758 1331 2834 pecrmiue
1349 2777 1413 2817 sor-

252 2861 351 2919 titione
371 2856 466 2916 subito
486 2858 592 2917 ditatos
611 2854 755 2914 interdum
774 2852 862 2930 linqui
883 2853 987 2910 animo.
1032 2852 1078 2911 ct.
1102 2856 1179 2914 Gell.
1201 2857 1241 2931 3,
1269 2857 1338 2934 15.,
1364 2859 1413 2917 ubi

251 2964 353 3041 ingens
375 2960 509 3038 goudium
528 2959 707 3037 insperatum
730 2953 827 3013 multis
848 2960 971 3013 mortem
991 2956 1122 3016 udulisse
1145 2959 1277 3017 truditur.

336 3064 372 3122 v,
404 3066 443 3127 12
458 3058 567 3125 -14,
625 3056 769 3117 Gaudeat
789 3089 827 3099 -
851 3066 955 3133 torpet.
1007 3057 1173 3137 Sententia,
1210 3077 1295 3136 quum
1319 3080 1413 3140 neque

252 3173 401 3226 assecutus
430 3171 476 3223 est
507 3162 681 3241 Oruquiue,
717 3178 811 3235 neque
839 3175 892 3215 suu
920 3157 1021 3219 horum
1049 3161 1201 3220 verborum
1230 3163 1413 3224 distinctione

252 3270 448 3347 Daumius,
468 3273 600 3326 naturam
612 3264 739 3341 pavoris
758 3260 832 3319 iilius
853 3259 972 3318 muru
990 3264 1053 3323 fere
1073 3264 1114 3323 sio
1136 3264 1288 3323 describit:
1310 3268 1412 3343 „Nihil

252 3374 359 3447 refert,
400 3387 474 3447 qnae
493 3376 525 3428 te
544 3366 720 3447 perturbatio
740 3366 841 3440 enimi,
883 3364 1015 3443 gaudium
1035 3372 1090 3425 ete.
1117 3368 1156 3427 nd
1177 3386 1316 3427 summam
1335 3371 1412 3430 illum

251 3474 469 3535 admirationem
488 3470 638 3549 perducet,
660 3488 726 3546 qua,
747 3469 773 3525 si
794 3467 860 3544 quid
881 3468 1007 3527 evenerit
1026 3470 1158 3547 opinione
1179 3470 1224 3529 vei
1245 3472 1345 3531 melius
1367 3474 1412 3533 vel

251 3580 349 3657 pejus,
385 3574 494 3634 defixus
516 3579 577 3630 stus
598 3578 684 3648 utque
704 3571 872 3647 torpidus.“
914 3571 947 3629 In
967 3573 1138 3631 sententium
1162 3574 1238 3633 coni.
1259 3574 1354 3635 Beier.
1374 3578 1412 3636 ud

253 3680 314 3738 Cic.
335 3679 423 3737 Offio.
447 3679 483 3752 1,
505 3674 565 3749 20,
588 3674 640 3735 69.
684 3672 777 3730 Thiel.
801 3674 838 3730 ud
857 3672 936 3750 Virg.
960 3670 1031 3731 Aen.
1055 3672 1094 3750 6,
1116 3673 1190 3736 733.
1235 3675 1295 3735 Cic.
1320 3676 1410 3736 Tunc.

253 3778 291 3856 4,
312 3780 344 3840 6.
363 3782 395 3841 7.
420 3779 542 3842 1617.
566 3778 616 3839 18.
639 3776 690 3839 28.
713 3782 744 3833 et
764 3772 819 3833 loci
840 3795 868 3833 v.
892 3776 941 3839 10.
964 3775 1080 3834 laudati.
1125 3774 1197 3834 fiis-i
1215 3783 1311 3837 nutem
1331 3777 1413 3835 oculi

252 3900 312 3941 non
331 3885 398 3939 sumt
417 3881 534 3938 demissi
556 3885 586 3937 et
603 3877 724 3955 dejecti,
745 3884 778 3935 nt
801 3877 932 3956 opinatur
959 3878 1144 3949 Torrentius,
1165 3881 1218 3937 sed
1239 3880 1411 3958 immobiles,

253 3984 362 4061 stupidi
381 3980 427 4039 vei
448 4000 556 4059 eorum,
575 3983 623 4059 qui
642 3976 715 4055 roric
735 3971 919 4059 ὀφθαλμούς
939 3976 1106 4061 πεπηγότες
1120 3983 1179 4039 sive
1194 3973 1297 4053 α’τενὲς
1314 3978 1412 4063 ὁρῶν-

253 4106 301 4158 τες
322 4090 398 4143 sunt.
440 4081 503 4142 vd.
522 4082 568 4141 Fl.
590 4078 629 4159 4,
658 4084 730 4148 226.
778 4080 881 4159 Quum
897 4100 997 4159 pavor
1019 4092 1047 4139 et
1072 4082 1194 4162 gelidus
1218 4082 1320 4158 defixit
1351 4086 1412 4143 Oa-

253 4197 335 4243 stora
355 4184 492 4263 moguir.
536 4185 580 4245 ld.
602 4186 641 4261 7,
675 4183 750 4249 407.
792 4184 877 4264 Ergo
899 4194 933 4242 ut
954 4194 1018 4241 erat
1037 4184 1125 4243 vultu
1146 4186 1263 4261 defixus
1288 4197 1411 4267 uterque

252 4287 363 4345 silenti.
408 4284 460 4343 Sil.
478 4284 539 4348 ital.
561 4287 595 4365 9,
617 4288 690 4353 262.
712 4284 860 4366 defixique
880 4287 977 4343 unnim
998 4296 1123 4365 tument.
1168 4286 1232 4347 Liv.
1247 4288 1280 4366 8,
1301 4286 1355 4367 47,
1378 4293 1409 4353 6.

252 4392 359 4449 Prisrw
382 4400 486 4468 emper
512 4410 613 4449 omnes
631 4390 832 4449 admuntebne
851 4390 896 4445 rei
917 4398 980 4447 tam
1000 4392 1110 4449 anonis
1132 4390 1245 4465 defixit.
1290 4392 1335 4452 Id.
1356 4396 1408 4471 21,

252 4491 306 4569 33,
327 4492 360 4555 3.
408 4492 543 4570 Utraqroe
560 4490 654 4550 simui
673 4490 788 4566 objecta
806 4512 853 4549 res
874 4490 969 4550 oeulis
989 4494 1157 4572 minisque
1172 4491 1337 4553 immobiles
1347 4516 1409 4573 pa-

253 4614 377 4673 rumper
397 4593 511 4669 defixit.
553 4594 597 4654 Id.
619 4596 680 4671 22,
709 4592 763 4672 63,
784 4596 816 4656 6.
866 4592 956 4671 Quod
976 4594 1092 4654 mulum
1116 4616 1271 4742 ἶοζιιιιηι
1292 4608 1411 4676 stupore
