3450 5334
357 498 419 568 180
439 503 717 568 cotntntt'rnltn
735 503 779 565 nt
790 503 958 570 nonam
977 505 1109 572 nntsn.
1125 504 1292 576 SECUNB.
1312 509 1389 572 nm.
1407 511 1433 570 1.
1475 512 1518 576 80

356 675 495 738 tunditur
516 695 571 738 oro
594 673 718 756 lupone.
737 707 782 724 ·-
795 677 953 756 magiam,
969 686 1005 736 ut
1017 677 1101 757 Virg.
1118 677 1174 738 Ge.
1188 676 1220 754 8,
1237 677 1311 743 185.
1333 675 1516 762 ἱππόδαμος,

354 775 566 861 mutatinum,
588 779 715 839 domitor
725 800 869 859 equom
881 799 932 860 ap.
945 779 1009 839 (lio.
1024 778 1063 839 de
1075 779 1161 843 offic.
1179 785 1209 856 1,
1228 783 1279 858 16,
1300 785 1364 860 90.,
1381 784 1518 844 domator

354 902 404 963 ap.
422 883 494 942 Tib.
510 878 541 959 4,
562 883 591 958 1,
617 882 690 948 116.
731 883 778 940 De
800 902 833 942 re
850 883 927 962 ipsa,
949 900 1043 964 quam
1060 892 1177 943 veteres
1201 884 1251 942 illi
1270 903 1363 966 equos
1391 885 1516 948 edocere

354 985 437 1046 soliti
455 995 535 1060 sunt,
556 982 619 1046 vid.
639 986 770 1064 interpp.
794 980 834 1042 ad
855 987 939 1065 Virg.
955 986 1010 1050 Ge.
1026 985 1058 1060 8,
1083 983 1145 1048 115
1159 1003 1227 1067 sqq.
1250 988 1314 1052 190
1328 1008 1397 1071 sqq.
1417 991 1516 1050 Beier.

355 1087 395 1150 ad
413 1088 476 1148 cio.
492 1089 515 1148 l.
531 1088 565 1164 1.,
582 1083 727 1146 Wernsd.
752 1082 791 1145 ael
812 1084 905 1165 Salej.
925 1088 1011 1148 Base.
1027 1087 1060 1146 0.
1076 1085 1117 1146 ad
1128 1090 1231 1149 Pison.
1243 1088 1285 1154 49
1296 1123 1337 1134 —
1347 1090 1400 1155 54.
1417 1095 1469 1153 IV.
1483 1113 1515 1173 p.

352 1190 426 1255 246.
448 1191 581 1251 Gronov.
601 1187 641 1248 ad
661 1189 739 1250 Stat.
758 1188 836 1250 silv.
856 1192 881 1249 t
897 1210 930 1269 p·
947 1187 1021 1256 471.
1046 1189 1213 1252 Weiehert.
1229 1191 1268 1250 de
1283 1193 1364 1252 Luc.
1385 1195 1475 1255 Varis·
1489 1205 1519 1252 et

358 1293 442 1354 Caes.
459 1295 566 1352 Pam.
587 1294 640 1356 vit.
656 1303 684 1350 et
697 1311 790 1350 eam.
813 1311 846 1371 Ρ.
866 1293 940 1357 109.
955 1302 1069 1352 etanta
1086 1313 1193 1354 omnes
1212 1297 1252 1354 Η.
1267 1297 1349 1354 Hase
1367 1296 1401 1353 in
1416 1298 1515 1367 „Pa-

353 1395 529 1477 laeologo.“
548 1398 634 1476 Lpz„
656 1392 817 1454 Hinrioh's·
840 1394 933 1459 1837.
951 1417 982 1476 Ρ.
996 1395 1038 1459 58
1051 1415 1120 1478 sqq.
1142 1398 1260 1473 „Ueber
1281 1394 1515 1476 Dressurpserde

353 1497 418 1560 und
435 1498 651 1558 Kunstreiterei
668 1499 719 1557 bei
738 1496 797 1557 den
818 1498 943 1558 Alten.“
985 1501 1023 1556 ln
1044 1497 1153 1558 eadem
1172 1519 1204 1556 re
1217 1496 1326 1559 eodem
1341 1500 1436 1558 utitur
1455 1518 1514 1558 ex-

353 1605 454 1685 emplo
476 1599 631 1662 Plutarch.
652 1599 690 1660 da
708 1603 799 1662 Puer.
820 1604 895 1662 lnst.
908 1598 940 1677 8,
954 1600 1008 1664 26.
1033 1602 1119 1676 Τίνες
1134 1592 1165 1664 δ’
1187 1601 1278 1666 ἵπποι
1294 1605 1393 1677 καλῶς
1407 1605 1514 1682 πωλη-

352 1705 559 1790 δαμνηθὲπες
583 1699 640 1768 otis
660 1697 815 1780 εὐπειθεῖς
834 1701 972 1787 ἐγένοντο
991 1709 1055 1780 τοῖς
1070 1698 1236 1786 ἀναβάταις
1242 1725 1252 1781 3
1278 1705 1366 1779 lirae
1386 1698 1418 1768 δ’
1436 1698 1514 1768 iti-

352 1833 439 1892 puro:
460 1809 616 1892 μείναντες
637 1800 675 1871 αὖ
698 1800 916 1891 σκληραύχενες
933 1804 987 1872 καὶ
1003 1809 1180 1890 θυμοειδεῖς
1196 1805 1311 1890 ἔβησαν
1317 1828 1327 1886 3
1348 1808 1395 1867 cf.
1413 1805 1457 1868 id.
1474 1805 1513 1866 ‹le

351 1911 456 1975 Audit.
471 1915 521 1976 VI·
540 1933 571 1993 Ρ.
591 1907 664 1976 141.
679 1911 717 1970 R.

433 2118 470 2180 V·
486 2115 639 2182 65-67.
666 2113 1030 2176 Veneticae-eamne.
1065 2115 1152 2177 cerv.
1171 2115 1287 2195 pellem
1312 2113 1439 2176 latram
1462 2111 1513 2174 dt·

351 2219 429 2282 etun
445 2231 481 2280 ut
495 2216 594 2301 Epod.
613 2220 643 2296 5,
669 2217 721 2281 58.
744 2217 918 2278 adeum
943 2219 1072 2278 haeae
1097 2218 1279 2280 Suburanae
1295 2239 1405 2294 ωπαες
1434 2239 1513 2301 qua-

348 2336 473 2404 propter
492 2319 690 2404 improbanda
710 2319 830 2382 ridetur
856 2341 963 2382 eorum
982 2322 1205 2402 interpretatio,
1232 2322 1286 2404 qui
1303 2342 1358 2401 per
1379 2322 1512 2380 brevilo-

350 2427 522 2508 quentiam:
551 2423 692 2502 lavando
716 2422 892 2501 diroerpar't,
928 2423 1060 2503 intelligi
1084 2425 1214 2484 malunt.
1264 2424 1405 2483 Ceterum
1428 2423 1511 2502 pella

350 2529 472 2587 oet-vim
494 2529 629 2609 aliquam
644 2528 726 2586 ferae
747 2524 875 2586 indicari
888 2527 1065 2586 simulatam
1082 2527 1258 2606 imaginem,
1281 2545 1341 2607 qua
1353 2538 1510 2587 venatores

350 2629 465 2688 mhilos
483 2630 638 2688 venaticos
656 2626 695 2687 ad
715 2629 794 2688 ieras
809 2631 843 2687 in
863 2631 948 2690 silvis
970 2627 1128 2689 sectandas
1145 2631 1325 2690 exercitasse
1343 2640 1436 2711 atque
1457 2650 1511 2690 ae-

349 2729 486 2791 oendlsse
500 2731 582 2790 soliti
596 2733 667 2807 sint,
688 2741 757 2812 post
768 2731 944 2814 Cruquium‚
965 2735 1145 2794 Turnehum
1159 2729 1252 2814 (Adv.
1263 2732 1317 2808 26,
1330 2729 1407 2812 tn),
1423 2733 1510 2806 alios,

348 2834 426 2893 bene
447 2835 618 2894 observavit
634 2835 671 2892 B.
695 2833 859 2914 Klippgen.
884 2836 951 2908 „da
973 2837 1137 2897 Vononem
1154 2836 1305 2894 Romania
1320 2834 1462 2893 solenni‘
1475 2835 1510 2892 in

347 2935 544 2997 Bidermanni
565 2937 677 2996 select.
699 2935 860 2997 Scholiaat.
879 2939 946 2999 Vol.
964 2941 1004 2997 ll.
1024 2939 1099 2999 iaso.
1116 2940 1156 2996 ll.
1172 2958 1203 3017 Ρ.
1217 2938 1291 3000 762.
1332 2938 1510 3016 1100000Ρί-

348 3061 415 3101 oere
437 3037 558 3100 videtur
578 3037 731 3099 Plutarch.
748 3037 786 3099 de
802 3039 906 3104 Audit.
921 3043 971 3102 vl.
984 3063 1016 3122 Ρ.
1032 3041 1103 3105 175.
1119 3043 1157 3100 n.
1180 3031 1266 3102 αὗται
1284 3035 1342 3121 μὲν
1357 3038 1425 3122 (qui
1439 3059 1510 3119 gar-

347 3143 469 3202 rulitate
482 3145 641 3223 magistros
654 3141 837 3225 obtundunt)
852 3135 910 3208 aiv
926 3140 1003 3206 aare?
1017 3139 1068 3208 riv
1084 3136 1261 3227 Ἱερώνυμον
1278 3136 1377 3224 ὥςπερ
1395 3141 1429 3205 oi
1446 3143 1510 3206 δει-

347 3243 395 3309 tot
409 3243 460 3307 καὶ
478 3245 610 3328 γλίσχροι
627 3239 772 3320 σκύλακες
791 3241 829 3307 ul
842 3244 973 3326 δέρματα
993 3239 1154 3317 δάκνοντες
1175 3243 1253 3306 οἴκοι
1271 3241 1324 3306 καὶ
1336 3240 1374 3306 rai
1386 3245 1511 3324 τίλματα

346 3347 494 3421 τίλλοντες
510 3351 573 3410 τῶν
595 3347 715 3429 θηρίων
730 3342 833 3413 αὐταῖν
853 3342 910 3430 οὐχ
928 3343 1080 3411 ἅπτονται.
1090 3380 1135 3393 --
1155 3348 1201 3404 De
1215 3345 1293 3404 aula
1308 3343 1379 3406 ride
1389 3349 1463 3407 Ulit.
1478 3358 1509 3407 et

347 3451 451 3512 Burm.
481 3447 521 3509 ad
542 3451 624 3509 Grat.
649 3451 763 3531 Cyneg-
781 3452 855 3514 167.
886 3450 950 3509 Sed
970 3468 1116 3528 praecepa
1139 3452 1237 3509 vrrtm
1259 3451 1328 3527 ιῬεα
1350 3447 1510 3508 venabitur

346 3553 432 3612 arelo.
449 3587 492 3598 —
511 3553 636 3625 militat,
658 3555 793 3634 apposite
812 3551 850 3612 de
862 3554 1030 3628 venatione,
1051 3562 1087 3610 ut
1100 3541 1188 3612 ruder
1204 3549 1343 3612 Phoebea
1356 3571 1405 3632 ap.
1419 3549 1507 3612 ortd.

347 3655 380 3714 in
393 3657 466 3715 Met.
479 3658 510 3731 2,
528 3654 601 3720 415·
616 3656 691 3738 ibiq.
706 3657 819 3736 Gierig.
840 3653 908 3718 vid.
923 3653 1036 3714 Heind.
1052 3651 1092 3712 ad
1105 3653 1170 3714 Sat.
1183 3656 1215 3732 2,
1229 3657 1261 3732 2,
1281 3656 1332 3719 10.

430 3862 466 3924 V.
479 3864 530 3926 67.
543 3862 595 3925 68.
616 3860 713 3920 Nune
724 3859 888 3922 adbiba-
900 3857 982 3941 offer.
1025 3858 1104 3918 Sunt
1124 3859 1177 3940 qni
1195 3855 1275 3918 hano
1295 3857 1508 3941 metaphoram

347 3984 365 4024 a
382 3965 564 4024 laetentibus
584 3965 636 4024 rel
648 3965 772 4025 omnino
789 3983 807 4023 a
827 3963 999 4024 sitientibus
1012 3963 1156 4043 sitimque
1172 3963 1365 4043 explentibus
1386 3962 1508 4023 ductam

346 4070 516 4148 opinentur.
546 4064 610 4127 Sed
629 4068 739 4128 rectius
753 4087 789 4126 ea
803 4067 933 4126 aliorum
952 4060 1059 4148 (etiam
1073 4067 1251 4146 Hieronymi
1272 4065 1508 4131 001070100-

347 4168 424 4250 dati)
437 4171 512 4231 locis
530 4173 586 4229 rite
600 4172 756 4252 perpensis
770 4171 871 4230 alana
887 4167 1034 4248 tingendo
1043 4179 1204 4251 repetetur.
1245 4171 1292 4228 Ita
1307 4169 1370 4228 Cio.
1386 4167 1425 4228 ‹la
1439 4171 1508 4227 Fin.

345 4273 377 4350 8,
395 4277 425 4351 2,
442 4276 473 4338 9.
494 4273 601 4356 (quem
614 4275 717 4334 locum
731 4293 801 4334 cum
815 4275 979 4333 Horatiano
992 4275 1177 4353 compararit
1189 4270 1337 4332 Matthiae
1354 4272 1388 4329 in
1399 4271 1507 4343 „Var-

346 4377 470 4437 misohta
486 4378 667 4460 Schriften“
684 4398 715 4458 p.
733 4378 797 4453 19.)
822 4376 916 4438 redeo
931 4376 1080 4456 aquilem,
1102 4379 1243 4458 inpetum,
1265 4374 1508 4447 aedmmmjam

346 4481 431 4557 infici
449 4480 536 4540 debet
555 4483 594 4542 iia
609 4480 739 4553 artibua
761 4501 839 4560 quoe
855 4480 896 4551 ei,
916 4477 991 4536 dum
1003 4489 1047 4537 art
1063 4490 1158 4553 unet,
1179 4477 1363 4548 combiberit,
1383 4474 1429 4534 ad
1438 4495 1508 4534 ma-

337 4589 412 4659 jora
433 4589 546 4645 venerit
558 4589 707 4666 paratior.
752 4585 840 4642 llune
855 4583 958 4642 locum
973 4601 1152 4664 expressum
1169 4601 1236 4642 esse
1249 4603 1267 4642 e
1280 4581 1359 4642 Plat.
1376 4579 1507 4660 Republ.
