3450 5334
344 516 626 579 consummari
646 518 690 577 IN
711 515 879 577 nonam
898 514 1029 577 EPIST.
1050 514 1160 576 Pthi.
1188 514 1266 575 IalB.
1286 516 1312 574 Ι.
1384 505 1427 573 27

262 690 294 751 7.
315 709 346 769 p.
360 687 435 753 809.
446 685 496 748 his
514 706 585 747 usus
600 685 718 747 verbis:
741 685 865 762 „Prima
879 702 952 743 vero
973 685 1111 765 Epistola
1125 681 1234 764 quovis
1247 681 1340 740 melle
1355 678 1427 739 dul-

264 794 327 851 cior
350 802 406 851 est.
476 790 650 851 Sententiae
685 788 856 868 appositae,
882 785 974 845 dictio
1001 796 1103 860 casta,
1141 782 1290 858 rotunda,
1313 784 1426 843 suavis.
1488 801 1492 809 ·

263 894 450 972 Quapropter
470 892 596 952 arbitror
617 899 804 972 postremam
825 891 965 949 omnium
989 889 1117 960 famam,
1142 887 1273 965 primam
1295 888 1426 966 positam

265 991 303 1050 oh
323 991 510 1051 luculentam
530 992 715 1051 raritatem.“
738 1024 778 1035 -
822 992 964 1051 Horatius
980 992 1014 1049 in
1031 986 1090 1048 hac
1101 989 1240 1067 Epistola
1258 990 1426 1047 Maecenati

263 1110 336 1165 suo,
359 1096 413 1173 qui
423 1095 526 1173 ipsum
541 1091 581 1151 ad
596 1094 707 1175 lyrica,
725 1092 792 1171 lyra
801 1092 866 1171 jam
887 1091 1044 1173 deposita,
1075 1091 1219 1149 incitasse
1238 1089 1375 1167 videtur,
1391 1111 1426 1150 se

261 1192 326 1269 jam
347 1203 412 1254 tcto
428 1196 529 1254 animo
553 1189 764 1275 philosophari
784 1194 864 1251 velle
884 1214 947 1254 non
967 1196 1033 1252 sine
1054 1192 1233 1253 facetiarum
1255 1194 1425 1253 urbanitate

263 1293 430 1374 profitetur.
482 1293 545 1355 Sed
564 1316 659 1377 quum
687 1313 755 1353 earn
770 1295 950 1376 sapientiam
968 1304 1127 1376 sequatur,
1152 1313 1213 1377 qua
1231 1315 1331 1356 mores
1349 1317 1425 1357 con-

263 1393 432 1455 formentur
453 1414 590 1477 quaeque
613 1399 757 1456 virtutem
778 1397 961 1455 altissimum
981 1398 1084 1457 locum
1105 1396 1139 1453 in
1158 1392 1284 1457 homine
1305 1408 1337 1457 et
1355 1418 1424 1456 ma-

264 1497 348 1556 xime
370 1501 573 1559 excellentem
593 1510 696 1559 tenera
718 1494 843 1572 doceat,
864 1498 968 1557 omnia
989 1500 1070 1574 alia,
1092 1498 1202 1579 quibua
1223 1500 1277 1559 alii
1295 1509 1424 1559 tenean-

263 1608 328 1673 tur,
350 1600 450 1661 studia
467 1620 522 1681 pro
544 1600 685 1659 inanibus
706 1593 846 1656 habenda
868 1608 898 1657 et
916 1610 1019 1678 aperte
1041 1609 1073 1658 et
1093 1608 1174 1659 tecte
1193 1600 1317 1661 indicat.
1357 1604 1424 1661 Im-
1473 1650 1481 1677 ,

263 1702 369 1781 primis
389 1704 479 1761 illum
500 1712 570 1761 ante
591 1700 695 1761 oculos
717 1699 803 1778 ponit
823 1699 934 1759 mentis
957 1721 1108 1778 errorem,
1143 1723 1204 1785 quo
1229 1701 1370 1764 homiues
1391 1715 1424 1763 et

263 1801 296 1860 in
316 1799 429 1863 divitiis
451 1813 482 1865 et
504 1804 537 1861 in
557 1799 721 1861 honoribus
743 1801 834 1861 sitam
856 1820 923 1860 esse
943 1812 1051 1880 putent
1071 1803 1266 1881 felicitatem,
1294 1826 1423 1889 eamque

265 1914 472 1965 consectentur
493 1924 554 1965 non
576 1900 744 1963 constantia
764 1900 916 1984 quadam,
940 1901 995 1962 sed
1014 1905 1093 1963 mira
1113 1906 1236 1965 levitate
1258 1927 1298 1966 ex
1327 1910 1423 1970 altera

263 2000 302 2061 ad
322 2004 449 2063 alteram
470 2024 536 2065 rem
557 2002 741 2064 desilientes.
788 2004 948 2062 Praeterea
968 2001 1001 2059 in
1032 2000 1092 2063 hac
1111 2005 1178 2087 ipsa
1203 2009 1422 2071 inconstantiae

263 2123 297 2163 ac
317 2106 526 2166 mutabilitatis
547 2104 655 2165 festiia
675 2100 877 2182 descriptione
897 2106 971 2164 satis
991 2102 1115 2182 indicat,
1139 2127 1209 2168 vera
1231 2112 1325 2169 animi
1342 2114 1421 2173 bona

261 2213 381 2263 tanturn
401 2205 521 2282 abesse,
543 2217 579 2265 ut
597 2202 736 2267 homines
760 2212 961 2288 cognoscant,
990 2215 1027 2263 ut
1052 2208 1104 2267 rel
1123 2211 1255 2271 minima
1275 2232 1330 2293 pro
1351 2235 1422 2274 ma-

263 2306 330 2387 gnis
351 2304 483 2366 habeant
507 2326 680 2389 magnaque
702 2326 806 2366 curare
829 2311 980 2367 omittant.
1036 2310 1119 2382 Quae
1142 2314 1245 2372 omnia
1264 2323 1330 2373 tam
1359 2319 1421 2377 levi

263 2418 325 2467 arte
345 2409 425 2469 texit
445 2418 477 2467 et
496 2411 603 2469 miscet
615 2413 726 2486 Poeta,
748 2420 784 2469 ut
803 2411 955 2490 supremis
975 2408 1042 2489 ipsa
1061 2434 1214 2473 sumnum
1233 2416 1421 2498 intelligatur

262 2510 393 2583 honum,
415 2512 499 2588 cujus
522 2515 669 2572 contraria
689 2514 730 2573 sit
745 2514 876 2573 eutoso
888 2514 1110 2595 vitiommque,
1149 2518 1259 2598 quihus
1280 2517 1420 2583 homines

263 2611 321 2674 huc
342 2614 416 2673 illuc
434 2611 608 2690 trahamur,
631 2618 714 2675 varia
737 2615 912 2677 multitudo.
961 2615 1054 2677 Vides
1074 2618 1187 2698 igitur,
1209 2622 1338 2682 Portam
1357 2645 1420 2684 non

261 2722 418 2797 poetarum
437 2737 522 2777 more
542 2718 634 2778 verba
655 2718 787 2795 fudisse,
801 2716 855 2779 sed
869 2719 986 2778 ratione
1000 2727 1032 2777 et
1044 2728 1108 2779 arta
1129 2740 1208 2801 quae
1222 2721 1358 2805 dispersa
1370 2730 1419 2787 ri-

262 2816 389 2878 deantur
407 2830 438 2878 et
459 2820 517 2879 sibi
531 2822 677 2882 contraria
696 2824 728 2879 in
749 2841 846 2880 rmum
868 2822 955 2903 quasi
979 2823 1145 2903 sapientiae
1165 2824 1323 2887 vinculum
1337 2834 1419 2891 'con-

260 2922 394 2985 clusisse.
445 2922 567 2999 Cetera,
589 2943 666 3005 quae
679 2922 719 2983 ad
739 2925 916 2985 interiorem
935 2924 1154 2982 sententiarum
1174 2930 1419 3007 complexionem

259 3025 426 3105 pertinent,
451 3046 506 3087 suo
527 3024 739 3086 indicabuntur
759 3027 837 3089 locu.

343 3127 457 3201 Quodsi
473 3129 669 3190 Welaudius
689 3129 844 3203 observat,
870 3125 910 3186 ad
923 3126 1095 3207 Epistolam
1107 3123 1187 3185 hanc
1207 3140 1288 3189 recte
1301 3132 1419 3196 intelli·

258 3227 390 3307 gendam
411 3252 486 3312 opus
508 3251 593 3307 esse,
614 3242 649 3292 ut
671 3232 853 3291 Maecenatis
874 3230 1033 3311 ingenium
1056 3248 1092 3287 ao
1111 3248 1212 3290 mores
1232 3238 1417 3317 noverimus,

258 3330 292 3389 id
311 3330 453 3413 equidem
473 3336 599 3393 minime
616 3336 770 3415 negat-lm,
791 3332 884 3394 modo
905 3352 946 3391 ne
965 3331 1032 3411 ipse
1049 3331 1184 3391 Senecae
1202 3334 1237 3393 in
1256 3338 1418 3403 Maecena-

258 3435 297 3493 tis
317 3435 451 3496 moribus
467 3436 609 3496 notandis
631 3456 666 3497 ec
692 3435 930 3519 perstringendis
952 3433 1064 3516 (Epist.
1089 3432 1269 3520 111101.)
1300 3447 1418 3505 acerbi-

257 3538 313 3595 tati
332 3538 461 3605 nimium
480 3549 559 3600 esset
581 3540 751 3601 obsecutus.
807 3540 865 3598 Hic
887 3540 1062 3600 observasse
1082 3539 1155 3597 satis
1178 3540 1236 3599 erit
1255 3546 1417 3607 Maecena-

256 3640 295 3699 tis
317 3659 466 3721 magnum
484 3644 516 3701 in
537 3644 618 3704 viros
640 3641 745 3703 doctos
766 3651 797 3700 et
818 3642 973 3723 elegantes
993 3638 1130 3700 studium
1146 3637 1335 3729 hilaremque
1353 3650 1417 3728 ejus

256 3744 393 3802 animum
410 3746 486 3822 jocis
508 3746 637 3805 aliorum
658 3743 834 3806 commodas
863 3746 1058 3825 praebentem
1082 3762 1186 3818 auras,
1215 3752 1361 3827 majorem
1383 3754 1417 3811 in

256 3847 442 3925 supellectile
462 3848 605 3930 cultuque
627 3850 758 3929 corporis
780 3849 912 3908 nitorem
933 3858 964 3907 et
982 3850 1108 3909 omnino
1129 3847 1283 3931 quandam
1305 3855 1416 3912 volun-

255 3957 353 4007 tatum
373 3949 617 4026 inclinationem,
640 3970 700 4031 qua
722 3948 761 4009 ad
774 3952 955 4031 Epicuream
973 3948 1199 4031 philosophiam
1218 3954 1416 4034 pmpendisse

254 4048 422 4112 videbatur.
468 4055 567 4114 Locos
589 4052 628 4112 ad
647 4050 726 4113 hanc
745 4072 809 4113 rem
824 4054 969 4114 facientes
988 4055 1121 4116 indicavi
1142 4058 1175 4116 iu
1195 4055 1267 4116 edit.
1283 4059 1313 4121 1.
1333 4078 1365 4139 p.
1382 4060 1414 4135 7,

255 4153 435 4233 qrn‘huscum
458 4156 593 4216 conferas
607 4155 766 4215 Meihoma'i
776 4158 912 4220 Maecen.
934 4180 960 4217 c.
977 4164 1024 4226 19.
1044 4163 1104 4237 20,
1125 4162 1234 4221 Lena
1253 4160 1415 4221 Maecena-

254 4255 335 4316 tiana
348 4268 407 4317 etc·
431 4257 519 4340 p.14
539 4280 623 4342 sqq.,
654 4260 788 4320 Wecomi
806 4259 1026 4342 lccnographie
1046 4266 1195 4325 Romaine
1214 4265 1240 4323 Ι.
1259 4266 1292 4329 2
1315 4265 1415 4347 p·398

253 4378 338 4442 sqq,
364 4361 399 4419 0.
420 4361 563 4422 Anthom'
584 4366 713 4423 Excurs.
729 4362 769 4423 ad
789 4360 845 4423 0d.
865 4364 921 4422 lib.
934 4367 974 4423 11.
998 4365 1032 4423 in
1054 4364 1129 4427 edit.
1153 4371 1291 4429 Poimat.
1308 4370 1414 4430 Horat.

252 4460 587 4541 (Neu-York-Paris,
607 4466 727 4527 Astoin.
744 4461 869 4542 1880.),
887 4464 923 4524 0.
941 4466 1069 4525 Pcasov.
1088 4468 1112 4529 l.
1129 4470 1153 4529 l.
1164 4489 1197 4550 p.
1210 4472 1414 4532 xm-nnv,

336 4566 475 4646 Tempus
497 4578 617 4643 autem,
644 4586 706 4651 quo
726 4564 806 4626 hanc
819 4563 962 4627 Horatius
983 4566 1136 4648 scripserit
1147 4573 1335 4655 Epistulam,
1356 4570 1413 4632 de-
