3450 5334
351 511 416 577 354
469 512 754 577 COMMENTARH
768 513 813 575 IN
825 511 994 576 HORATH
1007 512 1081 575 LIB.
1092 512 1115 575 l.
1136 512 1261 575 EPIST.
1273 514 1385 577 SEPT.
1463 516 1504 588 82

352 703 497 763 beneficiis
521 703 553 762 in
575 703 669 782 ipsum
688 700 799 761 collatis
820 720 853 760 se
879 703 984 761 sentiat
1006 702 1175 763 obstrictum
1192 705 1288 765 laxare
1305 704 1414 783 nollet,
1446 706 1506 783 jam

353 826 426 884 quae
443 806 520 864 bona
540 806 703 886 accepisset
728 824 760 864 se
784 804 931 881 resignare
956 811 986 863 et
1004 823 1035 864 re
1057 826 1124 865 vera
1142 806 1215 866 velle
1241 813 1271 866 et
1297 826 1390 886 aequo
1411 808 1505 866 animo

352 926 440 986 posse
460 906 612 985 significat.
654 910 735 1024 Haec
749 906 836 965 animi
851 924 938 965 sensa
956 913 1013 965 tam
1030 908 1148 985 urbane,
1169 916 1228 969 tam
1244 910 1338 969 tacete
1353 914 1420 967 ante
1437 928 1506 967 oeu-

353 1119 384 1170 et
403 1112 569 1171 mbanitatis
589 1114 796 1172 documentum.
838 1110 962 1169 Primum
983 1112 1056 1170 enim
1071 1114 1148 1190 quod
1165 1114 1201 1173 de
1219 1112 1404 1172 restituendis
1420 1112 1506 1172 rebus

352 1215 407 1272 sibi
424 1215 508 1273 facile
529 1214 614 1291 objici
633 1234 722 1294 posse
737 1215 894 1293 praesumit
914 1213 1044 1289 Poeta,
1032 1233 1134 1290 jocose
1153 1216 1276 1275 illustrat
1291 1216 1387 1293 lepido
1403 1214 1452 1272 illo
1469 1214 1507 1273 de

352 1317 500 1395 vulpecula
518 1319 655 1397 apologo,
677 1337 734 1395 qua
754 1316 868 1394 quidem
888 1316 1066 1375 similitudine
1083 1336 1150 1377 usus
1173 1318 1302 1377 omnibus
1324 1323 1393 1375 nota
1410 1315 1507 1392 simul,

352 1422 377 1479 si
397 1440 453 1500 qua
472 1421 536 1498 suit,
557 1422 598 1479 rei
618 1419 722 1480 lenitur
738 1438 823 1496 quam
839 1418 959 1477 maxime
976 1418 1126 1478 acerbitas.
1171 1420 1217 1477 Cf.
1234 1420 1318 1496 ad3,
1337 1418 1388 1481 18.
1431 1416 1508 1475 Tmn

351 1526 389 1583 ad
407 1525 624 1602 significandum
645 1528 675 1582 et
693 1528 841 1601 paratum,
877 1538 934 1596 quo
956 1520 1050 1578 omnia
1070 1522 1193 1581 reddere
1211 1521 1299 1598 velit,
1334 1521 1456 1579 animum
1477 1525 1508 1579 et

350 1632 487 1685 mutatam
504 1631 613 1683 sortem
629 1645 721 1702 aeque
740 1626 890 1697 ferentem,
906 1621 1016 1680 duobus
1037 1623 1164 1701 apprime
1182 1625 1270 1681 utitur
1294 1622 1442 1700 exemplis,
1463 1620 1507 1679 ul-

351 1734 415 1787 tero
437 1746 456 1785 a
476 1726 666 1803 Telemacho,
696 1726 788 1784 altero
815 1724 966 1784 aVolteio
986 1723 1072 1783 Mena
1099 1727 1268 1804 desumptis.
1312 1726 1509 1785 Maecenatem

350 1837 446 1889 autem
463 1830 538 1889 banc
554 1827 715 1908 Epistolam
731 1846 791 1889 non
810 1828 870 1885 alto
891 1826 1041 1909 supercilio
1059 1830 1214 1907 recepisse,
1234 1828 1286 1887 sed
1301 1830 1410 1886 monita
1424 1826 1509 1885 amici

350 1933 440 1993 amice
461 1932 594 2007 audisse,
617 1934 742 1987 testatur
759 1929 953 2006 familiaritas,
976 1946 1049 2006 quae
1064 1931 1142 1989 inter
1157 1934 1308 2008 utrumque
1327 1930 1439 1987 durarit
1457 1948 1510 1987 us-

351 2052 407 2110 qne
427 2032 465 2091 ad
486 2050 650 2112 supremum
669 2032 745 2091 vitae
776 2032 860 2091 diem.
904 2031 988 2091 Multi
1014 2036 1109 2089 autem
1135 2032 1308 2111 interpretes
1333 2030 1380 2089 vel
1398 2030 1510 2091 Horatii

351 2137 545 2195 conditionem
566 2154 626 2193 non
644 2152 680 2193 ea
700 2153 757 2212 qua
773 2152 826 2213 par
843 2138 890 2193 est
909 2134 1021 2192 ratione
1039 2135 1233 2210 aestimantes,
1253 2132 1299 2193 vel
1316 2132 1510 2193 Romanorum

350 2235 499 2296 liberiores
515 2256 610 2296 mores
631 2237 739 2294 nostn's
761 2235 891 2295 delicatis
912 2235 1068 2312 aulicisque
1089 2238 1240 2297 metientes
1261 2238 1290 2295 in
1311 2235 1364 2295 bac
1380 2236 1511 2315 Epistola

349 2339 462 2399 Horatii
482 2341 584 2397 sinon
605 2332 728 2397 animum
746 2340 906 2415 ingratum,
938 2344 969 2397 at
989 2340 1090 2398 iratum
1107 2342 1215 2399 vident.
1258 2338 1381 2397 Praeivit
1398 2339 1510 2397 Scholi-

351 2446 430 2498 astes
455 2438 590 2517 Cruqnii,
627 2460 713 2516 quum
733 2439 883 2518 Epistolae
908 2448 1105 2517 argumentum
1125 2442 1265 2502 indicaret
1291 2442 1371 2501 bisce
1395 2442 1509 2501 verbis:

351 2540 457 2617 „Quia
476 2540 631 2597 Maecenas
656 2540 745 2598 multa
772 2540 932 2600 contulerat
951 2542 1072 2601 Horatio
1097 2541 1192 2620 bona,
1229 2562 1292 2603 eum
1320 2564 1434 2623 semper
1454 2545 1512 2604 sibi

350 2646 533 2719 praesentem
553 2659 619 2699 esse
639 2641 783 2717 cupiebat:
818 2661 908 2720 quare
927 2642 1065 2703 Horatius
1087 2662 1173 2722 aegre
1190 2644 1245 2704 hoc
1265 2646 1376 2717 serens,
1412 2649 1510 2706 durius

350 2761 443 2820 aequo
462 2762 527 2801 cum
543 2762 578 2800 eo
603 2742 744 2818 loquitur,
775 2744 907 2821 inquiens
932 2744 1015 2804 malle
1034 2744 1086 2823 [se]
1109 2746 1305 2808 Maecenatem
1319 2750 1419 2811 ,omnia
1436 2769 1511 2827 quae

352 2846 472 2903 dederat
491 2849 635 2921 repetere,
656 2862 740 2920 quam
760 2849 818 2903 tam
839 2847 921 2924 gravi
943 2849 1058 2906 servitio
1080 2851 1175 2927 cogi“
1216 2850 1290 2911 Rem
1307 2851 1402 2911 verbis
1423 2870 1512 2930 exag-

351 2947 462 3025 geravit
482 2944 690 3017 Wselaadius,
712 2966 798 3025 quum
816 2948 1013 3009 Maecenatem
1028 2950 1148 3009 Horatio
1166 2950 1309 3029 ingratum
1327 2956 1448 3013 animum
1463 2954 1511 3013 vel

351 3048 475 3127 epistola
497 3050 618 3126 quadam
640 3049 764 3107 adeum
786 3051 856 3109 data
877 3051 1088 3131 exprobrasse,
1121 3053 1166 3112 vel
1192 3074 1245 3132 per
1266 3056 1349 3117 alium
1370 3058 1512 3135 quendam

350 3152 435 3229 hujus
456 3170 519 3210 eum
540 3152 663 3209 criminis
680 3169 831 3211 accusasse
848 3155 1013 3231 conjiceret.
1057 3153 1103 3213 Ad
1128 3155 1186 3215 tale
1207 3158 1294 3235 ip'tur
1318 3160 1423 3220 crimen
1441 3180 1511 3238 pro-

351 3253 523 3333 pulsandum
540 3253 589 3311 Vir
609 3252 657 3312 ille
684 3254 862 3313 acutissimus
880 3255 1000 3317 Poetam
1023 3257 1064 3317 ira
1092 3260 1214 3336 quadam
1230 3268 1417 3340 provocatum
1438 3262 1512 3323 banc

351 3356 513 3436 Epistolam
537 3355 676 3415 stomachi
703 3356 819 3435 plenam
839 3358 992 3437 scripsisse
1015 3361 1157 3438 opinatur.
1201 3360 1235 3422 ln
1254 3363 1310 3423 boc
1330 3366 1445 3424 crimine
1463 3384 1512 3425 ex-

351 3459 495 3539 planando
521 3457 738 3518 Wielandiam
755 3459 781 3517 si
800 3480 860 3519 non
880 3469 1014 3538 superat,
1048 3463 1149 3525 saltem
1166 3471 1271 3543 aequat
1286 3466 1512 3525 Bonsteltem'us

351 3558 498 3640 („1teisen
519 3561 550 3619 in
568 3562 616 3621 die
635 3561 721 3624 class.
738 3562 898 3641 Gegenden
912 3562 1039 3623 Roms.“
1059 3565 1083 3625 Ι.
1102 3584 1133 3645 p.
1153 3566 1231 3646 76.).
1274 3568 1374 3629 Taceo
1394 3568 1512 3629 aliorum

352 3662 475 3721 nomina.
519 3662 551 3723 ln
572 3683 605 3722 re
622 3664 686 3741 ipsa
703 3669 798 3723 autern
814 3667 997 3743 expurganda
1012 3667 1095 3727 nobis
1115 3670 1203 3727 otium
1220 3671 1289 3729 fecit
1305 3670 1403 3731 talium
1417 3691 1512 3731 rernm

352 3764 581 3841 elegantissimus
597 3783 631 3822 ac
647 3766 829 3825 doctissimus
844 3770 1030 3843 existimator,
1049 3768 1102 3829 fil.
1119 3770 1276 3830 Jacobsius
1289 3793 1319 3851 p.
1331 3770 1510 3839 126-143.

352 3865 446 3926 Recte
467 3885 581 3943 quoque
604 3867 641 3925 de
660 3866 714 3925 bac
730 3866 862 3946 Epistola
879 3871 924 3931 vel
942 3872 979 3931 de
999 3872 1054 3933 boc
1071 3874 1222 3933 amicorum
1238 3876 1369 3936 dissensu
1384 3877 1513 3955 judicant

357 3966 556 4027 Scbc'raclrius
581 3966 676 4047 (Clav.
698 3968 770 4028 Hor.
797 3991 827 4049 p
845 3970 920 4037 325.
950 3993 978 4033 v.
998 3974 1145 4057 resigno),
1186 3977 1453 4057 Vandsrbourgius
1472 3982 1512 4039 ad

354 4072 413 4133 Od.
432 4072 473 4147 3,
502 4071 553 4132 16
575 4069 718 4146 p.123.,
746 4071 891 4131 Doederl·
867 4073 1008 4135 laniusin
1029 4077 1099 4156 Syn.
1120 4079 1169 4140 ΠΙ.
1189 4101 1221 4162 p.
1241 4082 1310 4158 83.,
1340 4082 1456 4141 zotto
1473 4084 1514 4143 ad

352 4177 382 4237 h.
404 4173 442 4250 l.,
464 4190 589 4250 quocum
609 4170 679 4229 facit
705 4172 860 4247 Orellius,
882 4179 961 4255 cujus
982 4181 1092 4259 panter
1112 4182 1242 4262 approbo
1264 4190 1390 4243 extrema
1407 4184 1511 4245 verba:

352 4277 499 4355 „Scripsit
517 4280 612 4334 autem
628 4274 702 4333 hanc
717 4274 878 4355 Epistolam
896 4300 955 4339 non
970 4280 1072 4361 solum,
1089 4290 1121 4343 ut
1134 4284 1330 4347 Maecenatem
1348 4305 1420 4365 quae
1439 4287 1513 4347 diri-

353 4400 416 4439 mus
435 4381 564 4454 doceret,
583 4377 636 4435 sed
657 4384 689 4436 ut
709 4380 874 4458 aequalibus
894 4402 1005 4459 quoque
1025 4386 1083 4445 suis
1104 4394 1190 4467 atque
1210 4390 1344 4469 imprimis
1365 4390 1513 4449 obtrecta-

354 4481 474 4556 toribus,
497 4479 545 4556 qni
566 4498 630 4539 eum
649 4500 703 4560 pro
721 4480 897 4545 Maecenatis
915 4488 1042 4565 parasito
1059 4487 1212 4569 habebant,
1238 4492 1314 4553 clare
1332 4492 1514 4553 demonstra-

356 4586 411 4657 ret,
429 4599 502 4656 quae
523 4578 576 4639 sibi
595 4584 776 4643 necessitudo
797 4607 861 4647 cum
881 4587 930 4649 illo
947 4588 1150 4672 intercederet,
1172 4594 1298 4655 libertati
1317 4598 1403 4657 etiam
1417 4596 1514 4677 pbilo-
