3450 5334
353 512 419 578 864
468 514 753 578 comment!
774 516 818 577 lN
838 512 1006 577 nomn
1025 514 1139 575 [1111.
1155 512 1279 575 EPIST.
1295 514 1406 575 SEPT.
1472 516 1513 584 92

355 706 413 765 tuis
442 703 609 780 benefieiis,
644 702 885 783 quemadmodum
912 708 962 763 tus
990 705 1027 763 de
1054 722 1100 763 me
1128 704 1265 763 merentis
1295 704 1423 782 postulet
1450 703 1514 763 leus

353 814 441 885 atque
470 805 596 865 virms.“
636 806 720 864 Hunc
744 804 839 865 locum
868 805 1008 867 brevitate
1039 824 1092 863 sue
1119 804 1205 884 paulo
1233 804 1422 866 difficiliorem
1443 808 1513 865 mire

353 913 528 969 vexaverunt
553 909 757 967 dissentientes
784 910 969 986 interpretes.
1013 907 1059 969 Ad
1081 928 1108 965 v.
1133 908 1186 971 20.
1207 914 1293 967 sonte
1314 916 1412 969 monet
1432 911 1514 967 Mit-

353 1010 569 1082 soberb'elrius,
610 1027 689 1068 suem
719 1010 913 1088 comprobans
947 1011 1048 1071 borum
1078 1008 1229 1070 verborum
1257 1012 1515 1088 interpunctionem

354 1115 463 1193 (donat
484 1110 599 1193 quoe),
621 1111 766 1188 „Poetsm
785 1114 900 1193 prodigi
920 1115 1067 1175 stultitiam
1081 1114 1110 1171 in
1125 1134 1160 1173 eo
1175 1132 1295 1191 ponere,
1317 1112 1406 1189 quod,
1429 1112 1514 1191 quale

353 1217 383 1274 id
404 1216 453 1291 sit,
474 1214 551 1292 quod
572 1214 662 1272 donet
680 1222 711 1273 et
732 1216 776 1273 cui
799 1215 899 1294 donet,
918 1235 1020 1295 parum
1042 1216 1156 1275 curet.“
1190 1214 1228 1274 At
1241 1233 1314 1295 psce
1327 1210 1386 1271 Viri
1400 1216 1514 1291 summi,

352 1338 411 1377 non
424 1315 516 1375 Poeta
535 1317 565 1373 id
585 1317 656 1393 agit,
677 1324 709 1375 ut
724 1316 850 1395 prodig.
875 1325 906 1377 et
928 1320 1054 1376 stultum
1075 1325 1242 1395 contemptu
1261 1336 1356 1376 rerum
1377 1316 1452 1376 baud
1473 1320 1514 1377 ita

352 1420 409 1479 sibi
430 1420 657 1479 necessariarum
674 1418 826 1498 impulsum
845 1422 883 1477 ed
905 1422 982 1479 donn
1002 1421 1135 1479 facienda
1160 1418 1363 1480 demonstret?
1397 1420 1430 1479 In
1451 1438 1513 1478 rem

352 1522 484 1581 landatur
504 1522 607 1580 Senec.
629 1519 725 1598 Epist.
752 1519 826 1585 120.
870 1522 1022 1579 Mentitur
1038 1522 1188 1600 prodigere
1208 1520 1363 1579 liberabm
1372 1563 1385 1592 ‚
1418 1542 1513 1600 quum

352 1624 484 1683 muttum
503 1623 632 1692 intersit,
653 1635 755 1679 utrum
776 1624 844 1700 quis
857 1622 931 1680 dare
945 1627 1031 1701 seret,
1053 1646 1096 1683 an
1110 1644 1229 1684 servare
1241 1628 1365 1683 neseiat.
1412 1623 1514 1681 Multi

351 1737 424 1785 sunt
444 1727 498 1805 qui
519 1746 580 1784 non
597 1723 727 1795 donant,
748 1723 803 1782 sed
816 1726 995 1803 projiciunt.
1043 1728 1125 1787 Adde
1139 1728 1233 1787 plaut.
1250 1726 1333 1785 Trin.
1348 1728 1380 1803 4,
1405 1730 1436 1803 2,
1460 1730 1510 1791 12.

352 1828 487 1888 Nullum
509 1825 683 1901 beneficium
705 1847 766 1884 esse
786 1826 864 1885 diseo
885 1828 940 1898 id,
969 1828 1071 1907 quod,
1099 1829 1267 1908 crtifaor'as
1275 1871 1289 1901 ,
1316 1849 1377 1887 non
1393 1828 1509 1907 placet.

351 1933 454 1991 Senee.
476 1932 513 1989 de
531 1930 634 1989 Benet'.
657 1932 694 2006 2,
719 1930 770 1993 11.
816 1930 852 1988 Si
869 1941 976 2010 gentos
996 1933 1042 1989 vie
1063 1928 1172 1989 habere
1193 1950 1266 2009 quos
1287 1926 1428 2008 obligas,
1449 1948 1528 2017 nort·

351 2045 472 2093 tantum
492 2033 544 2092 dee
564 2041 678 2110 oportet
698 2030 855 2105 beneficia,
878 2032 934 2091 secl
953 2042 983 2089 st
999 2052 1091 2091 orus.
1136 2033 1259 2092 Isocrst.
1281 2032 1319 2090 sd
1339 2030 1462 2091 Demon.
1484 2032 1510 2106 §.

350 2140 404 2201 68.
425 2132 502 2216 μηδὲ
525 2130 579 2208 eois
598 2130 722 2215 χάριτας
744 2127 911 2214 ἆχαρίστως
928 2132 1130 2216 χαριζόμενος.
1172 2136 1336 2212 Epicharm.
1353 2154 1400 2214 ap.
1423 2136 1510 2194 Grot.

350 2262 380 2319 p.
403 2238 477 2303 481.
523 2230 570 2299 od
592 2232 816 2316 φιλάνθρωπος
835 2230 901 2318 oo'p'
922 2240 1002 2315 εσσ1,
1031 2233 1128 2303 νόσον
1149 2237 1241 2319 ἔχεις,
1262 2240 1375 2318 χαίρεις
1395 2233 1511 2311 διδούς.

350 2343 446 2402 Beier.
469 2341 507 2399 nd
530 2338 592 2397 Cic.
619 2340 705 2398 0ffic.
730 2337 832 2414 1,15‚
856 2338 910 2400 49.
935 2374 978 2387 -
1001 2338 1036 2399 V.
1054 2347 1105 2407 21.
1150 2344 1181 2402 ln
1204 2342 1387 2417 sententiam,
1409 2342 1438 2398 in
1453 2358 1511 2417 qus

351 2443 503 2500 enodanda
522 2443 644 2499 fluctuat
660 2439 829 2515 Lambinus,
851 2442 889 2499 cs.
906 2442 988 2500 Wiei.
1010 2443 1051 2502 N.
1073 2445 1114 2521 3.,
1135 2444 1205 2504 iacit
1227 2444 1295 2502 illud
1316 2462 1363 2521 ap.
1386 2442 1448 2501 Cic.
1471 2442 1510 2500 de

351 2545 404 2603 Or·
419 2548 451 2617 2,
470 2542 523 2616 66,
546 2544 619 2607 261.
669 2542 711 2598 Ut
723 2551 881 2598 sementem
892 2544 1011 2620 seceris,
1034 2547 1078 2603 ita
1092 2558 1191 2605 metes.
1234 2544 1279 2605 De
1295 2552 1405 2623 segete,
1424 2564 1510 2622 quam

349 2646 467 2703 Servius
495 2643 541 2701 bic
563 2649 670 2702 terram
691 2644 851 2720 significare
882 2646 950 2705 dicit
957 2685 968 2723 ,
1002 2649 1060 2706 vid.
1082 2668 1148 2708 ann.
1171 2650 1207 2707 ad
1230 2669 1257 2707 v.
1275 2640 1333 2710 86.
1375 2648 1417 2707 Ut
1438 2646 1510 2705 tulit

349 2758 379 2806 et
385 2747 483 2827 seret,
503 2746 545 2805 its
566 2750 597 2821 2,
616 2742 668 2808 44.
688 2742 804 2802 labitur
823 2757 851 2804 et
871 2746 999 2807 labetur.
1045 2751 1104 2809 Od.
1128 2755 1159 2828 2,
1184 2752 1235 2827 18,
1258 2751 1308 2815 20.
1330 2750 1435 2827 rapuit
1454 2770 1509 2805 ra-

344 2853 478 2929 pietque.
521 2849 553 2926 4,
574 2852 606 2924 2,
628 2849 681 2911 38.
701 2847 782 2905 nillil
798 2854 901 2931 neojur
920 2884 959 2895 -
980 2851 1142 2925 donavere,
1163 2854 1232 2911 Neo
1250 2849 1377 2910 dabunt.
1422 2849 1508 2907 Simi-

348 2952 387 3011 lia
406 2953 524 3012 laudant
545 2950 641 3011 Thiel.
661 2958 691 3011 et
711 2950 830 3029 Forbig.
851 2955 890 3013 sd
912 2950 991 3034 Virg.
1015 2954 1088 3015 Aen.
1111 2957 1142 3032 6,
1164 2957 1238 3018 617.

434 3053 469 3112 V.
491 3059 541 3119 22.
589 3054 646 3112 Vir
668 3051 763 3112 homes
788 3066 817 3111 et
837 3076 919 3134 sap„
938 3062 970 3115 ut
988 3055 1019 3133 4,
1042 3057 1085 3134 6.,
1108 3058 1160 3117 sed
1181 3056 1228 3115 bic
1250 3076 1314 3115 cum
1335 3062 1415 3113 certa
1434 3070 1508 3131 qua-

348 3160 417 3218 dem
434 3158 643 3217 contrariorum
657 3154 783 3235 prodig.
806 3164 837 3215 et
855 3156 941 3217 stult.
966 3160 1087 3218 ratione.
1109 3191 1153 3203 —
1178 3158 1280 3237 dignis
1300 3158 1347 3214 ait
1366 3175 1427 3213 esse
1444 3174 1508 3231 pa-

348 3271 448 3330 ratus,
469 3278 527 3319 non
548 3257 646 3333 rebus,
667 3260 709 3316 uti
728 3260 953 3337 interpretantur
981 3260 1151 3340 Cruquirte,
1173 3260 1304 3319 Bothius
1313 3300 1325 3331 ,
1346 3255 1508 3316 Doederli·

348 3366 432 3433 nisis,
453 3362 512 3438 alii,
533 3369 566 3419 ut
586 3361 625 3418 sit
645 3358 812 3436 Ablativns,
828 3362 882 3419 sed
903 3360 1083 3440 bominibus,
1104 3363 1134 3421 in
1152 3382 1225 3441 quos
1246 3363 1386 3421 beneficis
1406 3360 1507 3419 eonfe-

347 3472 455 3525 rsntnr.
497 3463 602 3539 Neque
621 3464 771 3539 quisquam
791 3462 987 3523 Romanorum
1007 3472 1067 3525 tam
1087 3467 1221 3545 ambigue
1240 3466 1353 3526 locutus
1375 3469 1438 3539 est,
1476 3470 1507 3520 st

346 3568 461 3646 dignus
481 3572 511 3625 et
532 3562 678 3643 indignere
698 3582 787 3643 saepe
806 3563 939 3625 absolute
961 3567 1102 3627 dicuntur.
1144 3568 1190 3627 Its
1211 3568 1274 3626 cie.
1294 3587 1341 3645 ap.
1363 3566 1445 3626 Serv.
1468 3566 1506 3623 ed

345 3669 426 3748 Virg.
448 3666 521 3727 Aen.
540 3669 578 3744 6,
614 3668 688 3731 611.
711 3666 815 3746 dignit
834 3666 1028 3745 largiendam
1048 3679 1102 3727 est.
1147 3668 1189 3730 Id.
1212 3671 1248 3729 de
1271 3668 1356 3728 offic.
1380 3672 1418 3745 1,
1451 3669 1505 3743 26,

345 3774 398 3837 92.
420 3790 514 3849 quam
526 3766 691 3846 plurimis,
725 3768 813 3827 modo
833 3769 954 3849 dignis,
989 3792 1021 3829 ss
1047 3770 1152 3829 uteiem
1176 3770 1332 3850 praebent.
1377 3769 1467 3831 Locis
1487 3790 1506 3828 a

350 3871 506 3932 Selimidio
526 3872 620 3932 allatis
638 3872 713 3931 adde
733 3870 829 3931 Bentl.
850 3872 888 3931 nd
910 3873 972 3933 sat.
997 3876 1028 3950 2,
1052 3877 1083 3950 1,
1104 3874 1156 3939 86.
1199 3874 1306 3935 Heind.
1327 3875 1364 3933 ed
1385 3874 1448 3932 Sat.
1472 3876 1504 3951 2,

345 3980 384 4053 2,
410 3973 482 4039 108.
522 3973 620 4034 Kiibn.
648 3980 678 4033 et
704 3974 803 4034 Klotz.
831 3974 870 4032 ad
897 3974 959 4037 Cic.
988 3973 1076 4035 Tusc.
1099 3974 1138 4053 4,
1165 3977 1226 4055 20,
1257 3976 1310 4041 46.
1352 3976 1447 4037 Kritz.
1474 3981 1505 4035 et

343 4078 432 4141 Febr.
462 4078 501 4135 ad
526 4075 598 4133 Seli.
627 4075 694 4135 Cat.
722 4076 783 4152 61,
806 4079 839 4140 8.
882 4074 930 4135 Ad
962 4079 1133 4137 sententiam
1159 4080 1235 4137 eont'.
1261 4080 1323 4139 Cic.
1353 4079 1441 4139 Offie.
1472 4082 1503 4171 2,

347 4178 404 4258 16,
433 4176 485 4243 64.
507 4198 595 4256 saepe
614 4178 728 4237 idoneis
748 4176 921 4236 bominibus
941 4178 1144 4258 inde'gmtibus
1164 4179 1202 4237 de
1224 4200 1256 4237 re
1269 4180 1425 4260 sartibieri
1444 4181 1504 4237 im-

339 4280 533 4360 pertiendum
541 4323 555 4353 ,
579 4280 634 4339 secl
659 4279 819 4360 diligenter
838 4292 930 4361 atque
946 4282 1105 4340 ntoderats.
1151 4280 1271 4343 Aristot.
1292 4284 1360 4344 Etb.
1386 4284 1501 4344 Nicom.

344 4383 382 4459 4,
413 4386 441 4447 1.
463 4382 504 4461 8,
534 4382 584 4446 18.
627 4383 715 4448 Rbet.
737 4386 776 4461 2,
804 4385 835 4446 7.
877 4385 980 4445 Senes.
1002 4387 1039 4445 de
1059 4385 1162 4443 Benef.
1185 4388 1225 4463 1,
1248 4383 1297 4449 14.
1322 4384 1371 4449 16.
1413 4385 1501 4445 Cons.

343 4484 395 4545 Fr.
410 4484 527 4545 Jacobs.
544 4505 575 4563 p.
597 4488 669 4550 116.
676 4527 687 4564 ,
716 4488 765 4565 qui
785 4495 865 4548 reete
886 4488 1000 4565 docuit,
1028 4486 1127 4547 verbs:
1163 4489 1306 4569 Dignum
1323 4498 1436 4565 pretet.
1455 4507 1502 4545 me

342 4588 398 4651 bne
418 4586 527 4645 referri.
559 4618 599 4631 ·-
632 4588 668 4647 V.
690 4588 741 4654 28.
788 4593 855 4652 Neo
876 4600 977 4649 tamen
998 4624 1041 4638 —
1058 4591 1194 4671 lupinis,
1220 4594 1240 4653 i.
1263 4610 1288 4651 e.
1311 4588 1385 4650 bene
1404 4596 1500 4651 temen
