3450 5334
212 521 252 585 33
292 520 573 580 continuum
595 523 635 580 ΙΝ
656 520 824 579 HOllA'l'll
846 519 975 578 EPIST.
995 520 1292 580 succumbunt.
1316 517 1380 582 159

212 690 331 767 „Ueber
352 688 401 748 dic
424 691 638 749 Pantomimen
661 687 714 747 der
730 692 862 748 Rb'mer“
884 692 917 747 iu
937 687 1045 748 Rhein.
1067 692 1148 748 Mus.
1174 690 1326 756 183311.
1349 693 1376 754 1.

211 814 239 874 p.
252 793 306 857 33.
351 793 482 852 Omnino
505 791 542 850 de
565 793 643 850 curis
665 790 979 872 sollicitudinibusque
997 794 1028 851 vi
1042 794 1175 853 Musicae
1191 791 1379 873 depellendis

210 893 387 955 Schmidius
408 891 514 952 laudat
534 893 632 974 Epod.
656 896 705 970 13,
728 896 757 957 9.
783 895 833 957 10.
856 896 942 956 verr.
960 896 1102 955 Parmen.
1123 899 1241 975 Fragm.
1262 917 1291 976 p.
1306 897 1378 958 299.

211 999 318 1058 Senec.
342 1000 442 1079 Epist.
466 1000 537 1063 120.
560 999 606 1056 ef.
630 996 721 1057 eund.
744 996 783 1055 ad
804 999 901 1077 Epist.
924 1000 954 1071 2,
977 1001 1007 1072 2,
1029 999 1058 1060 9.
1080 1020 1111 1080 p.
1132 1000 1203 1062 168.
1246 1001 1328 1057 Haec
1350 1008 1381 1056 et

211 1103 283 1160 talia
306 1102 399 1159 etiam
424 1102 586 1180 exprobrat
606 1099 767 1177 juvenibus
795 1102 843 1159 sui
871 1101 1015 1179 temporis
1042 1100 1157 1160 Seneca
1184 1102 1216 1159 in
1238 1101 1376 1159 Controv.

210 1205 264 1262 lib.
288 1207 317 1266 1.
345 1224 481 1284 prooem.
502 1225 533 1284 p.
556 1204 608 1265 61.
650 1203 717 1281 Bip.
741 1213 771 1259 et
797 1203 835 1263 cl.
860 1201 967 1262 Senec.
996 1200 1033 1259 de
1061 1204 1173 1266 Brevit.
1201 1205 1256 1263 vit.
1279 1224 1303 1263 c.
1327 1204 1378 1266 12.

212 1307 246 1367 Si
265 1304 349 1365 idem
369 1307 527 1365 llerbstius
547 1306 728 1364 insolentem
747 1302 911 1361 dictionem
933 1323 1004 1361 cese.
1031 1305 1100 1364 duc.
1126 1327 1189 1364 cur.
1215 1326 1379 1366 sconsuc-

211 1407 317 1468 tudine
339 1411 504 1468 Horatiana
525 1409 673 1482 alienam,
699 1416 789 1488 atque
811 1405 849 1465 ob
879 1426 946 1463 earn
968 1426 1090 1466 causam
1117 1429 1156 1466 ex
1178 1418 1279 1466 vetere
1301 1429 1379 1489 quo-

210 1514 292 1592 piam
313 1513 434 1572 malove
454 1519 544 1592 poeta
563 1508 624 1568 huc
645 1508 815 1568 traductam
836 1509 1004 1584 arbitratur,
1027 1531 1185 1570 assensum
1207 1515 1234 1570 ei
1256 1532 1378 1592 prorsus

211 1613 342 1693 denego.
385 1617 481 1675 Poeta
502 1615 585 1671 enim
597 1614 729 1689 jocosius
750 1623 841 1693 atque
864 1633 905 1670 ex
929 1632 984 1673 suo
1005 1633 1089 1672 more
1111 1615 1253 1690 liberius,
1275 1625 1309 1672 ut
1326 1613 1380 1690 ju-

211 1736 325 1775 venum
342 1719 549 1775 Romenorum
570 1717 785 1794 perstringeret
800 1735 911 1790 mores,
933 1717 1066 1775 imitatus
1084 1726 1129 1775 est
1144 1717 1267 1776 Homeri
1288 1715 1380 1773 verba

212 1817 321 1899 Odyss.
343 1818 374 1894 8,
398 1815 471 1880 248.
501 1817 627 1899 κῶθαρίς
645 1841 676 1880 τε
704 1818 788 1899 χοροί
810 1841 842 1880 τε
857 1813 888 1902 *)
915 1852 954 1862 -
978 1837 1018 1876 ex
1045 1837 1103 1898 qua
1132 1829 1284 1898 postrema
1305 1837 1378 1876 voce

213 1922 305 1981 etiam
327 1930 461 2002 apparet,
484 1925 744 2002 prosopopoeiam,
767 1939 859 2001 quam
882 1940 971 2000 supra
989 1940 1057 1979 cum
1071 1919 1181 1981 Bothio
1204 1921 1304 1994 statui,
1323 1939 1377 1998 pro

212 2044 283 2082 vera
304 2021 415 2083 horum
436 2024 598 2083 verborum
620 2025 822 2102 explicatione
843 2019 1024 2098 habendam,
1047 2043 1155 2104 neque,
1181 2021 1263 2103 qnod
1283 2024 1378 2078 Bent-

212 2128 306 2204 lejum
329 2128 464 2207 aliosque
485 2127 595 2184 fefellit
618 2129 774 2204 interppr,
805 2126 975 2204 simplicem
995 2144 1103 2184 vocem
1132 2125 1307 2204 „colostrum
1334 2123 1378 2181 le-

212 2231 294 2300 nire,
325 2227 428 2285 hexere
454 2249 574 2298 curam,
599 2225 811 2302 einsclslitlern,
845 2229 1027 2303 einlullen‚“
1057 2228 1234 2306 simpliciter
1262 2227 1378 2284 intelli-

213 2329 346 2412 gendam
375 2351 449 2393 esse.
493 2331 649 2389 Herbstius
680 2340 835 2408 comparat
860 2339 1013 2389 nostrum:
1045 2351 1118 2408 „zur
1144 2326 1231 2389 Rube
1258 2325 1377 2404 fnhren,

213 2433 372 2512 bringen.“
414 2435 456 2492 Ut
478 2431 516 2490 de
538 2433 605 2491 aliis
627 2443 760 2506 taceam,
788 2433 969 2513 Doeriugius
989 2453 1098 2514 parum
1122 2443 1273 2492 accurate:
1302 2453 1374 2490 ceos.

214 2536 244 2594 d.
260 2557 305 2607 c.,
326 2557 364 2594 eo
383 2537 470 2615 qnasi
492 2533 601 2592 ducere
624 2554 735 2610 curem,
758 2554 817 2614 quo
836 2536 891 2593 illa
912 2557 1024 2595 vexare
1044 2546 1148 2596 cesset.
1201 2539 1305 2616 Neque
1328 2554 1378 2594 as-

215 2640 326 2697 sentior
347 2633 523 2712 Schmidio,
554 2638 603 2696 cui
630 2641 724 2698 Poeta
744 2641 828 2698 visus
859 2649 904 2698 est
925 2641 1016 2700 verbo
1044 2639 1174 2699 ducendi
1194 2641 1213 2697 i.
1229 2661 1256 2700 e.
1280 2636 1378 2697 dedu-

215 2739 302 2798 cendi
322 2740 462 2798 allusisse
483 2737 522 2797 ad
545 2761 661 2800 morem
684 2742 781 2817 illum,
803 2740 947 2802 honestos
961 2739 1099 2802 homines
1117 2763 1133 2800 e
1156 2743 1300 2800 conviviis
1322 2740 1377 2799 de-

216 2838 346 2900 ducendi
374 2840 501 2901 domum
526 2862 687 2901 nervorum
719 2853 749 2899 et
775 2844 918 2901 tibiarum
949 2854 1049 2902 cautu.
1093 2841 1262 2902 Hoclrederl
1283 2846 1378 2900 inter·
1498 2873 1503 2887 ν

215 2945 352 3023 pretatio,
372 2963 464 3024 quam
485 2944 680 3023 probabiliter
702 2947 789 3025 quasi
801 2947 960 3025 proponit:
981 2945 1088 3004 ducere
1105 2965 1210 3002 curum
1231 2949 1252 3002 i.
1267 2964 1298 3026 q.
1319 2945 1378 3002 fol-

215 3047 277 3104 lere
299 3065 418 3121 curam,
448 3049 490 3105 ita
512 3058 557 3107 est
579 3051 714 3127 quaesita
733 3059 763 3106 et
785 3059 902 3123 coacta,
935 3057 968 3106 ut
994 3067 1026 3106 se
1054 3048 1168 3125 legenti
1195 3067 1249 3105 sua
1270 3057 1377 3126 sponte

215 3168 372 3228 nunquam
385 3147 500 3208 offerat.
544 3153 602 3223 Qui
615 3149 745 3232 denique
759 3161 934 3229 comparant
951 3151 1031 3228 Virg.
1047 3151 1100 3209 Ge.
1116 3151 1146 3224 3,
1167 3149 1241 3211 379.
1256 3161 1287 3208 et
1298 3152 1377 3208 Aen.

215 3251 348 3328 9‚166.,
370 3254 552 3310 sententiam
567 3254 634 3313 loco
648 3255 783 3312 inferunt
803 3255 894 3333 plane
917 3255 1055 3318 alienam.
1103 3253 1255 3311 Cessatum
1276 3263 1377 3312 autern

216 3354 323 3412 ducere
345 3352 406 3412 dici
426 3364 460 3412 ut
482 3374 530 3435 ep.
554 3356 653 3414 Plaut.
674 3359 767 3416 Poen.
789 3359 865 3437 prol.
889 3357 941 3419 20.
965 3377 1002 3415 ne
1022 3377 1134 3414 sessum
1154 3355 1256 3412 diseat.
1282 3352 1377 3414 Stich.

217 3460 246 3532 1,
267 3459 299 3532 2,
321 3454 373 3519 32.
394 3468 538 3514 venatum
558 3459 673 3517 discos.
699 3462 759 3520 (lie.
774 3461 836 3518 cat.
859 3460 931 3537 maj.
955 3459 1005 3524 18.
1028 3479 1140 3516 sessum
1160 3460 1302 3537 receptare
1324 3458 1378 3514 vix

216 3571 271 3634 est,
293 3557 377 3640 qnod
396 3579 585 3620 moneamus.
627 3564 663 3619 In
689 3560 834 3623 dictione:
856 3563 1033 3638 adstrepit.
1056 3561 1128 3619 ciale.
1151 3562 1279 3642 praeivit
1300 3579 1378 3641 quo-

217 3659 379 3722 dammodo
400 3665 550 3723 Homerus
568 3665 600 3721 in
623 3663 678 3725 Od.
698 3666 751 3741 22,
772 3666 846 3728 332.
872 3661 1119 3746 Φήμιος-ἔστη
1138 3657 1169 3726 δ’
1186 3663 1219 3726 ἒν
1231 3663 1379 3745 χείρεσσιν

216 3763 293 3844 ἔχων
319 3758 470 3848 φὸρμιγγα
496 3769 610 3848 λίγειαν
633 3799 671 3810 -
696 3765 734 3824 de
762 3787 837 3827 sono
866 3778 968 3843 acuto,
998 3769 1057 3844 vel,
1084 3770 1110 3826 si
1131 3786 1200 3826 cum
1221 3763 1377 3824 Schmidio

216 3869 323 3943 mavis,
345 3880 517 3927 susurrante
537 3879 660 3949 propter
680 3869 787 3948 plectri
809 3873 872 3928 vim
900 3881 930 3929 et
951 3881 1104 3946 naturam,
1133 3879 1167 3928 ut
1188 3873 1258 3931 Hor.
1280 3870 1376 3947 Epist.

219 3965 267 4045 14,
288 3970 341 4033 26.
364 3982 395 4029 et
416 3970 472 4032 od.
497 3969 528 4047 4,
549 3973 580 4048 3,
605 3970 655 4034 18.
678 3973 732 4031 ubi
753 3993 782 4032 r.
804 3974 942 4031 Lambiu.
965 3984 994 4031 et
1015 3969 1132 4032 Mitsch.
1166 3969 1226 4030 stc.
1247 3973 1376 4049 Vesprit.

216 4071 306 4152 Spur.
328 4069 385 4132 Od.
413 4074 441 4147 1,
464 4073 514 4136 18.
536 4075 589 4132 lll.
610 4095 640 4153 p.
663 4075 737 4138 355.
757 4071 886 4134 Wmsd.
930 4075 1035 4153 Atque
1051 4083 1137 4150 aptos
1153 4071 1286 4130 citharae
1305 4093 1377 4130 corr-

217 4174 298 4232 cs'liet
314 4174 431 4247 modos,
458 4175 558 4235 surdas
577 4178 724 4236 aurseulis
746 4176 901 4255 coeperas?
943 4179 1022 4235 lliuo
1044 4179 1130 4235 Auct.
1154 4176 1213 4233 cir.
1238 4177 1308 4240 106.
1331 4179 1377 4233 ci-

218 4383 415 4398 *nn—-

282 4508 443 4580 numme
460 4509 495 4565 de
511 4511 552 4566 bis
570 4511 660 4566 verbis
678 4511 745 4566 dixit
766 4513 896 4567 Wclclser.
914 4511 942 4563 in
960 4509 1075 4579 „Rheia
1095 4509 1185 4564 illus.“
1212 4511 1287 4571 1832.
1307 4514 1330 4570 l.
1349 4515 1375 4567 2.

218 4612 245 4664 p·
260 4597 320 4656 279.
