3450 5334
348 510 413 576 874
454 511 740 576 commun
760 514 803 576 lN
824 514 992 577 nondun
1012 512 1090 575 LlB.
1105 514 1129 575 1.
1142 512 1267 575 EPlST.
1284 512 1397 574 SRPT.
1444 516 1507 581 102

347 707 399 764 der
419 705 470 764 alt.
492 703 629 783 Geogr.“
653 723 684 782 p.
708 700 781 769 296.
808 737 852 747 -
879 722 1014 761 vacum
1041 700 1145 761 Tibur.
1192 702 1224 761 ln
1252 702 1383 763 diversas
1406 708 1511 780 partes

345 806 392 865 hic
412 807 565 866 discedunt
584 808 767 884 interpreter.
802 802 858 861 Alii
880 824 936 863 non
958 811 1078 883 propter
1097 804 1254 865 incolarum
1273 806 1508 883 infrequentiam,

346 909 399 967 sed
427 910 506 986 quod
533 907 573 967 ibi
600 927 618 966 u
646 908 732 967 rebus
760 907 878 967 urbanis
905 908 1023 967 remotio
1050 908 1079 966 in
1105 906 1181 967 bono
1202 909 1263 968 otio
1284 908 1340 967 sibl
1361 909 1456 967 rivere
1477 914 1511 967 et

347 1010 449 1069 studiis
467 1013 528 1069 suis
548 1030 659 1070 vacare
679 1010 808 1088 licuerit,
835 1014 866 1070 in
887 1028 973 1088 quam
994 1030 1055 1069 rem
1076 1010 1194 1072 laudant
1213 1010 1308 1089 Epist.
1331 1014 1370 1087 2,
1391 1014 1431 1087 2,
1456 1012 1509 1073 81·

347 1132 463 1171 vacuae
481 1112 645 1184 Athama,
680 1114 742 1173 Sat
765 1116 802 1189 2,
831 1113 872 1190 8,
902 1113 956 1175 10.
978 1132 1111 1171 vacuum
1132 1114 1230 1192 tepido
1252 1114 1376 1193 cepisset
1394 1110 1510 1171 vacula

348 1225 436 1285 ueto,
457 1224 488 1275 et
507 1222 676 1294 comparant
699 1214 794 1292 Epod.
816 1214 849 1289 6,
871 1212 923 1277 48.
965 1213 1015 1274 Uti
1034 1215 1079 1274 hic
1099 1214 1248 1293 Neapoot
1267 1218 1381 1276 dicatur
1399 1216 1512 1283 σείσω,

347 1319 388 1377 itu
407 1317 463 1376 hoc
482 1318 548 1377 loco
569 1315 664 1375 Mur
684 1316 838 1394 significari
851 1315 988 1373 odorum.
1026 1316 1066 1377 Ae
1083 1319 1214 1398 dispares
1233 1338 1304 1379 aune
1326 1319 1407 1377 locon
1428 1336 1510 1375 com·

347 1419 449 1477 mistos
470 1421 598 1480 dixerim.
642 1417 762 1478 Adeone
781 1416 901 1477 Poetem
920 1420 1130 1480 inconstantem
1150 1422 1258 1499 fusse,
1294 1429 1327 1480 ut
1347 1417 1508 1496 interjectis

347 1520 447 1598 poncia
472 1521 602 1580 versibus
631 1521 760 1579 toncorir
786 1519 928 1579 unrhram
956 1520 1013 1580 alia
1042 1524 1187 1583 sententia
1221 1524 1324 1582 dixerit
1354 1517 1510 1579 vacuam?

347 1621 445 1682 Abeat
464 1624 530 1682 telis
549 1623 676 1683 absurda
695 1624 909 1703 interpretatio!
938 1620 1033 1681 Mur
1054 1644 1184 1683 vacuum
1201 1632 1247 1684 est
1260 1643 1278 1683 a
1292 1622 1377 1683 turba
1390 1630 1516 1681 vacuum·

349 1731 381 1783 et
400 1726 468 1785 inde
488 1728 604 1803 quietis,
625 1724 840 1805 tranquillitatis
860 1725 988 1805 plenum,
1011 1725 1049 1783 ad
1067 1726 1190 1787 Romam
1210 1725 1313 1787 incolis
1331 1726 1512 1803 frequentem

351 1835 381 1887 et
403 1828 472 1888 inde
500 1835 678 1909 atrepentem
705 1836 793 1907 atque
819 1829 1025 1888 tumultuosam
1054 1827 1185 1887 relatum.
1237 1826 1283 1889 De
1310 1828 1405 1888 Roma
1433 1828 1513 1885 conf.

350 1948 423 2006 quor
443 1930 561 1991 laudant
577 1932 688 2010 Bittig.
703 1939 734 1991 et
753 1929 913 1991 llitnclrerl.
936 1932 974 1990 nd
992 1930 1050 1990 od.
1065 1930 1098 2006 3,
1117 1929 1171 2007 29,
1193 1933 1242 1996 12.
1263 1930 1402 2008 imprimis
1422 1929 1513 1987 liert.

353 2033 404 2106 12,
424 2030 490 2109 67,
511 2033 615 2112 quibus
636 2034 712 2093 adde
730 2034 853 2111 interpp.
870 2033 908 2090 ad
929 2033 991 2091 Sat.
1016 2035 1047 2109 1,
1069 2032 1101 2107 6,
1122 2030 1176 2094 79.
1196 2036 1230 2110 2,
1251 2034 1283 2110 6,
1306 2033 1358 2097 28.
1382 2032 1513 2091 Schmid.

352 2134 389 2190 cd
416 2132 510 2212 Epist
540 2141 575 2212 1,
603 2137 662 2214 17,
690 2136 722 2198 6.
750 2138 782 2197 7.
810 2137 850 2212 2,
880 2138 917 2209 2,
948 2133 1122 2199 72-80.
1164 2134 1288 2213 Rupert.
1322 2136 1359 2193 od
1384 2133 1450 2193 Juv.
1479 2134 1514 2211 8,

353 2234 554 2302 289-269,
597 2236 643 2296 lta
659 2256 776 2296 vacuae
795 2236 932 2294 Acerrae
952 2236 1032 2314 Virg.
1055 2235 1112 2294 Ge.
1135 2238 1171 2313 2,
1194 2237 1268 2302 225.
1288 2236 1400 2314 (ibique
1421 2235 1514 2295 Wnn-
1534 2306 1538 2311 Ι

354 2338 452 2418 deri),
473 2360 590 2399 vacuae
611 2337 727 2396 Cumae
750 2339 815 2399 Jnv.
831 2339 864 2415 3,
889 2342 918 2402 2.
940 2336 1022 2416 (rbiq.
1045 2337 1161 2416 Heinr.)
1182 2346 1213 2399 et
1233 2359 1350 2398 vacuae
1370 2339 1514 2397 Auum

353 2438 412 2498 1.1.
454 2441 504 2499 Sic
523 2440 683 2499 Wieland.:
710 2442 794 2517 „dar
815 2440 894 2499 leere
914 2438 1052 2516 Tibur,“
1079 2437 1178 2498 Pane:
1210 2442 1270 2517 „d.
1291 2443 1419 2503 einaurne
1438 2440 1515 2517 T.‚“

354 2541 430 2601 Voss
451 2550 482 2601 et
501 2541 644 2602 scheller:
673 2543 756 2618 „dno
776 2540 877 2617 ruhigc
898 2538 1001 2599 Tibur.
1011 2540 1033 2577 “
1075 2541 1256 2622 Campenonr
1283 2544 1318 2602 Je
1336 2544 1375 2603 lui
1397 2545 1513 2623 prestre

356 2644 400 2703 lea
420 2642 522 2703 molles
541 2645 684 2702 doneeurs
705 2644 742 2703 de
762 2642 893 2702 Tarentc
914 2648 944 2701 et
964 2640 993 2700 le
1014 2642 1139 2703 colitude
1157 2644 1194 2704 de
1213 2642 1317 2705 Tibur.
1325 2646 1349 2687 ‘⁶
1391 2646 1438 2707 De
1465 2648 1518 2703 rt-

357 2743 443 2815 bure,
463 2763 522 2823 qno
542 2748 680 2806 recedere
699 2743 801 2805 nolitne
820 2747 860 2804 rit
879 2742 1029 2822 Horatius,
1050 2743 1110 2803 vid.
1132 2742 1167 2804 C.
1190 2743 1310 2807 Pousov.
1322 2746 1372 2807 Ν.
1395 2746 1468 2813 285.
1486 2754 1519 2807 et

357 2864 432 2925 qnae
451 2846 578 2907 dicemur
596 2849 635 2906 nd
655 2848 696 2924 8,
729 2849 781 2911 12.
805 2880 844 2891 -
867 2844 987 2903 imbelle
1013 2847 1197 2917 Tarentum,
1224 2849 1244 2905 i.
1268 2868 1295 2907 e.
1320 2848 1401 2925 „nbi
1422 2848 1519 2907 omnia

357 2948 509 3025 tranquilla
526 2954 595 3009 aunt
613 2954 645 3007 et
660 2948 808 3028 placata.“
849 2948 900 3007 Sic
920 2955 999 3007 recte
1013 2947 1150 3007 Orelline.
1193 2949 1330 3010 Similiter
1345 2949 1435 3008 molle
1454 2951 1518 3007 Τα-

360 3062 478 3109 rentum
498 3051 561 3111 Set.
581 3053 621 3126 2,
645 3047 686 3127 4,
710 3045 783 3127 84,
812 3051 862 3109 nbi
891 3050 973 3129 plura
994 3050 1080 3111 affert
1100 3051 1299 3127 Heirtdorfim
1321 3052 1398 3111 nullu
1418 3060 1520 3115 tamen

361 3156 449 3213 mim
468 3154 712 3232 interpretationis
731 3172 751 3212 o
769 3152 920 3213 Macrobio
939 3153 1016 3233 (Sat.
1038 3157 1070 3230 2,
1093 3152 1144 3217 14.
1166 3174 1196 3234 p.
1215 3154 1289 3218 403.
1312 3155 1365 3234 Z.)
1386 3162 1518 3215 tentatae

359 3255 437 3313 secta
456 3254 611 3314 mentione.
654 3253 738 3314 Adde
763 3253 900 3319 Prodat.
920 3256 984 3315 adv.
1004 3256 1114 3332 Symm.
1137 3260 1175 3333 2,
1202 3253 1275 3320 747.
1303 3278 1432 3316 amoena
1457 3259 1522 3315 Τω-

363 3366 476 3418 rentue.
520 3357 607 3416 cont.
629 3358 665 3416 C.
686 3355 770 3416 Pera.
788 3378 818 3437 p.
833 3359 883 3418 Cl.
926 3356 1050 3437 Rupert.
1071 3360 1110 3417 cd
1130 3357 1195 3417 Juv.
1220 3358 1252 3435 6,
1272 3359 1344 3426 297.
1388 3360 1520 3421 Bronkh.

362 3460 401 3517 ad
416 3457 505 3536 Prop.
524 3451 556 3535 4,
577 3460 611 3537 6,
631 3460 684 3523 86.
706 3468 737 3521 et
756 3462 795 3519 ad
815 3462 884 3525 Tib.
905 3464 945 3539 2,
968 3464 999 3539 2,
1020 3460 1051 3524 4.
1095 3459 1201 3519 Cellar.
1222 3463 1261 3520 ud
1283 3461 1347 3524 Cic.
1368 3462 1461 3541 Epist.
1483 3461 1522 3520 ad

363 3561 429 3623 Div.
450 3561 483 3636 7,
505 3563 557 3638 12,
581 3563 611 3624 1.
653 3561 759 3623 Baehr.
780 3562 819 3621 ad
840 3560 983 3623 Plutnrclr.
1004 3562 1106 3640 Pyrrh.
1124 3562 1174 3626 16·
1192 3581 1223 3640 p·
1244 3563 1317 3626 189.
1340 3572 1372 3624 et
1390 3565 1522 3643 quotide

363 3660 485 3723 Terenti
505 3667 537 3719 et
556 3662 704 3722 fertilitate
725 3670 755 3722 et
774 3668 948 3725 amoenitate
968 3665 1088 3733 landent
1107 3662 1227 3742 Forbig.
1249 3665 1287 3723 ad
1306 3664 1386 3745 Virg-
1411 3668 1466 3729 Ge.
1490 3669 1522 3741 2,

366 3762 438 3827 197.
461 3760 494 3840 4,
517 3762 589 3827 126.
610 3772 642 3825 et
660 3764 789 3827 Ltbker.
811 3768 850 3827 ad
867 3768 939 3829 Hor.
960 3767 1018 3827 Od.
1039 3771 1072 3845 2,
1093 3769 1125 3845 6,
1147 3766 1178 3827 9.
1195 3767 1334 3847 imprimis
1353 3768 1440 3827 Rud.
1456 3768 1522 3827 Lo·

365 3866 513 3924 reanum
533 3868 571 3925 de
589 3869 703 3931 civitate
723 3876 853 3931 veterum
873 3870 1105 3929 Tarentinorum.
1149 3866 1233 3948 Lips.
1256 3869 1349 3933 1888.
1566 3890 1570 3897 ’

451 3968 486 4025 V.
499 3965 552 4031 46.
567 3989 633 4047 rqq.
679 3970 980 4051 Sumetfhrtm.
1021 3972 1063 4032 Ut
1076 3986 1104 4029 r.
1119 3966 1173 4034 40.
1186 3974 1224 4031 de
1239 3971 1322 4030 donin
1336 3970 1524 4031 incommodis

366 4088 425 4130 non
438 4069 619 4148 affectandis,
632 4073 674 4131 ita
687 4072 743 4133 hoc
756 4074 821 4134 loco
833 4076 872 4135 de
886 4076 928 4133 sic
937 4074 1098 4151 impetratis
1112 4073 1267 4149 reddendis
1283 4080 1313 4132 et
1323 4092 1358 4133 ee
1367 4078 1463 4133 mente
1478 4073 1524 4129 di·

367 4176 476 4251 sputat,
490 4178 523 4231 ut
536 4179 672 4233 mutatum
685 4182 795 4236 sortem
804 4194 898 4255 aequo
912 4196 945 4234 ee
957 4176 1053 4235 animo
1066 4174 1189 4235 laturum
1202 4196 1267 4236 esee
1277 4174 1380 4237 Volteii
1394 4174 1525 4252 exemplo

369 4272 528 4351 significet3
550 4276 628 4351 qnod
649 4279 699 4353 qui
718 4278 748 4337 in
769 4278 825 4338 hoc
838 4278 1044 4339 sententiarum
1058 4277 1158 4336 ordine
1172 4298 1229 4338 non
1245 4279 1450 4353 observarunt,
1472 4294 1526 4335 eor

368 4375 528 4453 praeteriit,
543 4394 642 4437 vocem
656 4378 754 4439 laeua
767 4400 795 4441 v.
809 4380 863 4444 39.
877 4382 915 4439 ed
928 4379 1001 4436 hanc
1014 4397 1130 4455 quoque
1143 4380 1382 4440 narratiunculam
1396 4381 1526 4438 reseren-

371 4476 437 4533 dnm
457 4496 532 4535 eme.
577 4479 662 4539 Cont'.
677 4482 769 4542 Orell.
783 4486 822 4543 nd
836 4484 864 4541 h.
880 4484 899 4541 1.
943 4481 992 4555 Er.
1007 4479 1123 4539 Jacobs.
1144 4502 1175 4560 p.
1192 4483 1263 4546 118.
1281 4480 1364 4559 148,
1383 4483 1433 4560 qui
1447 4486 1527 4539 recte

373 4576 574 4654 meringum
592 4599 654 4640 rem
667 4601 720 4641 acu
732 4604 791 4645 non
810 4593 976 4665 tangentem
989 4582 1142 4662 vituperat
1185 4582 1373 4643 Coniundnnt
1386 4602 1421 4643 ex
1437 4582 1529 4643 uerio-
