3450 5334
253 512 314 578 121
369 504 654 573 commun
667 506 713 571 [Ν
725 504 893 570 nomm
906 504 1014 567 LlB.l.
1035 503 1283 567 mesenes.
1338 502 1402 571 333

250 696 401 757 emendum
421 694 554 775 agellum,
575 694 696 755 alteram
714 702 841 756 mutuam
862 694 922 763 dot,
941 695 967 753 ei
988 694 1167 774 persuadet“
1183 700 1255 769 eto,
1273 700 1307 753 ut
1323 699 1403 755 reete

248 801 321 861 uidit
342 797 486 858 Orellius.
531 797 588 867 Qui
604 804 699 857 entem
715 798 840 877 repetito
859 794 948 856 verbo
967 806 1129 869 meroaw,
1144 796 1186 856 uti
1202 796 1403 875 sagacissimus

247 902 297 965 ille
315 899 537 971 Marklando,
556 900 577 957 ii
595 900 785 975 meminerint,
800 898 966 977 persuadet
984 897 1030 959 hic
1049 918 1116 959 esse
1135 897 1253 959 verbnm
1274 898 1407 969 volunta-¹

248 1006 298 1080 tis,
317 1022 377 1062 non
395 1003 542 1083 perfectae
559 1004 689 1064 ustionis.
731 1003 883 1079 sotejam
902 1002 1032 1063 additur:
1053 1002 1226 1075 Mereatur,
1246 1002 1267 1061 i.
1286 1022 1313 1061 e.
1335 1001 1403 1062 Pni-

249 1107 328 1185 lippo
348 1105 538 1184 obtemperet.
580 1104 626 1165 Ite
641 1105 700 1164 06.
722 1108 759 1180 2,
783 1102 841 1181 14,
859 1104 891 1166 6.
913 1106 942 1163 εἰ
961 1105 1081 1163 umento
1100 1136 1144 1151 -·
1158 1103 1265 1181 places
1285 1102 1404 1163 disert-

250 1205 394 1267 madilem
416 1206 564 1267 Plutona.
610 1204 696 1263 Ovid.
717 1206 788 1267 Met.
809 1205 842 1284 9,
864 1208 917 1271 37.
961 1208 1005 1265 Et
1022 1204 1111 1265 modo
1131 1207 1295 1278 oervmm,
1317 1204 1406 1266 modo

249 1330 341 1371 enm
361 1308 509 1367 micantis
525 1317 638 1385 captat
679 1307 759 1388 Vrrg.
777 1307 851 1369 Aen.
873 1311 905 1385 6,
922 1306 996 1371 468.
1018 1307 1088 1386 ibiq.
1110 1306 1229 1387 Forbig.
1272 1306 1407 1367 Bonitas

249 1412 340 1473 dictis
355 1413 502 1471 andum
545 1411 628 1481 Quae
645 1410 713 1469 olim
733 1410 754 1471 l.
777 1431 865 1491 supra
885 1411 905 1469 l.
928 1412 965 1469 de
986 1409 1040 1471 hoo
1059 1411 1171 1469 dicendi
1188 1413 1403 1487 consuetudine,

250 1534 325 1593 quae
345 1514 480 1594 imprimis
500 1514 532 1571 in
551 1512 668 1591 Imperi.
690 1515 843 1593 conspicue
863 1517 926 1591 est,
949 1515 1155 1593 disputavimus
1177 1515 1221 1575 vel
1240 1512 1405 1594 probabunt

250 1616 297 1677 rel
316 1616 464 1695 augebunt
479 1614 585 1693 Wagn.
604 1617 641 1677 nd
658 1615 738 1693 Vng.
758 1616 833 1675 Aen.
856 1616 915 1692 10,
937 1616 1010 1681 801.
1053 1616 1173 1695 Forhig.
1194 1616 1233 1676 ad
1253 1614 1326 1675 Aen.
1351 1618 1403 1691 12,

250 1714 324 1781 394.
367 1717 496 1778 ottosd
516 1717 580 1776 Cio.
601 1717 667 1778 Cat.
689 1714 813 1795 16614,
839 1714 871 1779 4.
891 1720 929 1779 ud
947 1718 1013 1779 Fin.
1036 1722 1073 1797 1,
1100 1721 1141 1796 7,
1170 1719 1221 1784 23.
1264 1718 1356 1779 Kritz.
1373 1722 1405 1779 et

250 1818 378 1898 Herzog·
398 1820 435 1878 ⁸⁴1
456 1819 527 1879 Sall.
547 1819 615 1898 Jug·
638 1823 698 1899 27,
734 1825 763 1884 1.
803 1821 927 1901 Rupert.
948 1824 985 1887 ad
1006 1820 1079 1882 Tne.
1097 1819 1171 1881 Ann-
1194 1824 1238 1894 .2‚
1274 1818 1336 1896 86,
1372 1822 1403 1883 1.

250 1921 350 1984 Herm.
373 1924 412 1983 nd
438 1921 504 2001 lig.
532 1922 558 1996 §·
579 1925 652 1987 161.
676 1943 707 2002 p·
723 1919 797 1987 746.
824 1931 854 1985 et
881 1927 917 1985 ad
946 1922 1037 2003 Soph.
1056 1921 1137 2000 Ajao.
1162 1920 1256 1987 1106.
1297 1922 1403 1981 Maron.

250 2024 335 2087 Misc.
351 2023 422 2104 phil.
439 2024 477 2085 11.
499 2028 530 2090 2.
550 2043 581 2103 p·
595 2026 648 2087 80.
690 2024 869 2103 Bernhardy.
891 2024 1068 2085 Wissensch.
1090 2026 1172 2101 Synt.
1191 2044 1221 2103 p.
1237 2023 1311 2087 370.
1329 2024 1404 2087 373.

250 2126 344 2206 Sillig.
374 2128 405 2187 in
431 2126 516 2187 Jnlnn.
534 2125 600 2185 Jbb.
625 2126 763 2193 1829.1.
787 2131 818 2191 1.
838 2147 870 2205 p·
892 2129 944 2194 28.
986 2126 1103 2189 Ramsh.
1127 2127 1180 2186 Gr.
1203 2126 1252 2187 lat.
1278 2126 1304 2201 §.
1331 2128 1404 2193 162.

250 2247 282 2307 p·
301 2229 374 2291 683.
394 2229 443 2289 ed.
462 2231 493 2294 2.
517 2262 561 2275 -
580 2228 627 2289 De
647 2249 765 2289 numero
785 2227 891 2289 Plurslr
910 2230 1045 2287 sestertia
1068 2229 1126 2288 vid.
1148 2228 1258 2293 Gemh.
1279 2230 1316 2287 ed
1339 2228 1405 2287 Cio.

251 2328 357 2393 Pernd.
375 2332 414 2410 6,
444 2332 487 2409 3,
514 2329 567 2395 40.
588 2339 620 2391 et
642 2335 680 2393 de
699 2352 798 2392 eorum
817 2333 915 2393 rnlore
934 2330 1037 2393 anb.
1058 2333 1097 2391 od
1113 2332 1144 2390 lr.
1160 2331 1179 2389 l.
1201 2338 1232 2391 et
1248 2331 1406 2409 scriptores

250 2433 290 2499 ud
318 2434 357 2509 6,
393 2431 446 2495 34.
475 2433 616 2493 lsndstos.
660 2435 779 2513 Septem
803 2434 879 2495 milio
908 2434 1073 2495 sestertium
1108 2432 1220 2493 Orellio
1248 2442 1315 2494 sunt
1341 2432 1404 2495 371

250 2534 354 2597 thaleri
375 2535 508 2595 Suronici
536 2537 597 2596 sive
623 2537 687 2600 668
712 2540 814 2597 floren.
833 2538 928 2599 Rhen.
959 2569 1003 2581 —
1031 2535 1067 2594 V.
1085 2533 1239 2599 83-86.
1262 2554 1297 2593 ex
1317 2532 1405 2593 nitid-

243 2638 290 2713 fit
307 2648 383 2695 rust.
428 2638 475 2699 lto
496 2639 558 2699 cic.
581 2641 620 2697 od
636 2637 703 2700 niv.
726 2641 779 2716 16,
796 2642 850 2716 21,
869 2640 920 2704 13.
963 2636 1169 2717 Deponendae
1191 2636 1246 2697 tibi
1265 2647 1336 2697 sunt
1352 2657 1406 2695 ur*-

253 2739 423 2799 omitum.-
455 2741 587 2799 rustt‘ous
616 2741 776 2799 Romanus
792 2741 904 2819 sactus
930 2762 969 2800 es.
1014 2741 1055 2803 Ut
1082 2742 1198 2801 modos
1223 2739 1407 2818 elegantioris

252 2844 327 2903 vitoe
347 2827 433 2900 homo
454 2848 516 2912 est,
552 2842 595 2899 ite
614 2842 745 2899 rmu'om
760 2841 797 2901 eb
817 2842 993 2919 elegantiore
1015 2843 1092 2902 ooltn
1108 2843 1226 2903 alienus.
1266 2842 1407 2921 Exempla

252 2946 318 3005 vide
345 2963 394 3024 ap.
414 2944 518 3005 Lumb.
544 2949 575 3001 et
603 2942 730 3003 Schmid.
751 2946 789 3003 sd
816 2944 846 3005 ln.
873 2944 894 3005 l.
936 2944 1065 3006 Bronklr.
1092 2946 1131 3004 ed
1151 2944 1219 3005 Tib.
1242 2949 1281 3023 2,
1307 2944 1345 3021 5,
1373 2948 1406 3009 7.

251 3047 366 3110 Ruhnk.
387 3048 426 3105 nd
447 3047 533 3105 Ovid.
554 3043 674 3117 flemis,
697 3048 728 3122 1,
749 3049 803 3108 77.
843 3045 943 3107 Heinr.
962 3047 1000 3109 sd
1017 3048 1082 3108 Juv.
1106 3046 1256 3125 11‚176.
1280 3048 1404 3125 interpp.

251 3152 291 3210 sd
308 3149 370 3207 (Tre.
391 3149 456 3208 Cat.
476 3152 515 3223 2,
532 3146 589 3223 10,
608 3150 659 3213 22.
695 3148 753 3216 Qui
769 3148 934 3228 simpliciter
952 3150 1109 3229 explicant:
1129 3168 1195 3228 „ex
1213 3147 1292 3211 urbis
1313 3149 1407 3208 incole

252 3252 288 3313 61
306 3252 380 3311 ruris
401 3249 569 3327 eolonns,“
589 3252 607 3309 ii
627 3270 697 3310 num
716 3258 796 3310 recte
816 3251 942 3311 viderint
960 3252 1071 3313 dubito.
1113 3254 1195 3313 Bene
1211 3252 1243 3313 J.
1262 3251 1404 3313 Merkel..-

252 3356 329 3433 „oer
353 3331 486 3413 serlione
506 3351 626 3413 srsdter
645 3354 716 3412 vno
733 3372 808 3432 ganz
826 3353 953 3414 nauus

336 3454 372 3515 V.
395 3453 448 3520 84.
473 3456 526 3519 86.
573 3452 682 3514 Suloos
703 3488 747 3503 --
765 3452 908 3517 maest
933 3468 1045 3537 erepat.
1086 3457 1122 3518 ln
1145 3456 1201 3517 hoc
1221 3476 1276 3517 usn
1292 3475 1320 3514 r.
1343 3474 1406 3513 ore·

249 3559 350 3640 paredi
370 3559 492 3640 praeivit
504 3556 623 3619 Lueret.
637 3561 669 3633 2,
692 3561 798 3634 1171,
819 3558 977 3619 Horatiana
996 3560 1126 3641 exempla
1144 3558 1261 3639 collegit
1280 3557 1404 3619 Mitsoh.

251 3664 290 3727 td
309 3663 368 3721 06.
393 3663 429 3736 1,
454 3661 513 3737 18,
534 3658 564 3722 6.
606 3658 702 3720 Minus
716 3668 797 3720 recte
817 3661 1017 3737 Heindorfius
1035 3666 1074 3725 nd
1091 3665 1153 3723 sat.
1175 3666 1214 3741 2,
1231 3663 1270 3739 8,
1287 3662 1339 3726 33.
1361 3662 1407 3723 hic

252 3765 332 3823 ridet
350 3763 490 3823 irrisionis
509 3770 619 3840 notum,
639 3769 770 3824 nostrum
787 3764 1000 3841 ‚‚solrnettern“
1020 3783 1202 3844 compertus,
1224 3771 1270 3825 est
1282 3767 1313 3823 in
1333 3784 1409 3841 „ore

253 3861 395 3942 hubere‚“
415 3864 483 3925 nihil
502 3865 634 3944 emplius.
677 3864 797 3926 Rectius
822 3867 958 3927 Sokmid.
975 3874 1005 3929 et
1024 3866 1157 3927 Orells'tss
1175 3867 1260 3947 loqui
1277 3864 1353 3945 (Sat.
1376 3868 1408 3945 1,

221 4010 228 4021 ·
252 3970 294 4047 8,
319 3968 402 4046 13),
430 3963 555 4031 Montes
573 3969 740 4047 conferunt,
766 3969 823 4031 vid.
844 3970 934 4031 Wolf.
955 3969 992 4029 od
1013 3968 1164 4031 Demosth.
1186 3969 1216 4029 in
1235 3967 1352 4048 Leptin.
1374 3990 1406 4049 p.

252 4072 328 4134 371.
346 4076 376 4130 et
391 4068 491 4129 Burm.
509 4071 547 4129 nd
566 4068 683 4131 Petron.
707 4074 780 4135 117.
806 4094 838 4152 p.
858 4072 931 4137 643.
958 4106 1002 4119 --
1024 4083 1192 4150 praeparat
1214 4071 1321 4134 ulmos.
1363 4070 1409 4131 lte

254 4172 313 4231 06.
335 4168 368 4247 4,
388 4169 420 4247 6,
440 4172 494 4234 30.
536 4172 580 4233 Et
596 4175 688 4233 vitem
707 4173 819 4233 vriIrsas
835 4173 922 4233 drmit
941 4176 986 4235 od
1000 4174 1129 4239 arbores
1171 4175 1265 4255 Epist·
1289 4177 1326 4253 1,
1355 4178 1406 4253 16,

252 4274 284 4337 3.
304 4274 420 4331 anneta
445 4272 557 4333 vitibus
574 4274 665 4335 alm.
709 4276 817 4337 eatuli.
840 4278 901 4353 62,
930 4275 982 4341 54.
1025 4278 1074 4335 At
1092 4280 1120 4336 si
1137 4277 1222 4356 sorte
1242 4278 1346 4337 ωᾰωιι
1365 4290 1411 4337 est

253 4376 337 4435 ulrno
357 4380 520 4451 conjuncta
543 4381 662 4437 marito.
707 4379 793 4438 ovid.
816 4378 910 4439 Trist.
931 4383 967 4456 2,
998 4379 1068 4444 143.
1115 4379 1189 4439 Vidi
1215 4400 1269 4459 ego
1284 4384 1409 4459 paropi-

254 4482 319 4538 nsis
343 4489 498 4538 oneratam
518 4478 630 4539 vr'ss'huo
649 4481 782 4555 ulmum,
820 4482 859 4541 ad
879 4500 963 4559 quem
983 4484 1039 4543 loo.
1062 4484 1119 4541 vid.
1140 4481 1244 4541 Loers.
1288 4483 1407 4560 Juv.8‚

255 4585 307 4647 78.
354 4582 476 4641 Stratus
499 4580 586 4644 dumi
600 4583 721 4661 palmes
739 4583 850 4645 vadus«
870 4583 1019 4645 1111111661
1036 4583 1133 4644 utrm
1142 4626 1155 4655 ‚
1189 4584 1258 4663 ibiq.
1281 4588 1405 4667 Rupert.
