3450 5334
317 467 361 534 00
424 473 704 535 COMMENTARH
727 475 767 531 IN
788 472 955 532 nonam
975 470 1106 530 EPIST.
1128 471 1236 528 PRIM.
1258 470 1334 528 LIB.
1356 472 1381 528 1.

318 647 475 702 Praeterea
495 661 534 701 ex
556 643 736 721 scriptorum
755 660 840 700 more
860 641 989 711 ookrsti,
1013 661 1074 699 non
1095 638 1214 698 onlnem
1229 637 1392 697 dicendum
1406 648 1479 695 erat.

325 745 453 806 Cultura
466 755 569 802 autem
587 755 632 802 est
650 743 819 820 disciplina,
839 741 974 802 doctrina
985 745 1083 823 Epist.
1100 745 1129 817 1,
1146 741 1283 814 18‚100.
1305 742 1368 798 cic.
1384 740 1477 799 Tusa.

318 849 350 922 2,
370 847 401 910 5.
451 845 579 904 catuna
598 855 698 903 autem
718 846 817 901 amnti
828 845 1024 924 pleimsoplria
1043 856 1096 902 eet.
1140 843 1216 902 Sall.
1233 844 1307 919 Jng·
1327 845 1359 904 2.
1406 852 1484 898 eete-

319 969 388 1006 rnm
401 951 559 1027 ingenium
575 979 617 989 -
632 944 751 1003 irwzdtu
769 957 860 1026 atque
871 949 1009 1006 socordia
1025 957 1186 1024 torpescere
1200 946 1314 1002 sinunt.
1348 939 1482 1001 Brtntok.

318 1053 429 1110 Gnom.
445 1071 476 1130 p.
493 1051 567 1112 320.
605 1043 766 1122 “Anonos
787 1045 982 1127 tfnoiiwotc
995 1044 1130 1129 ἡμέρους
1147 1052 1236 1110 ποιεῖ.
1266 1043 1421 1104 Plutarch.
1445 1043 1483 1102 de

318 1155 399 1212 Puer
436 1153 534 1210 hntit.
556 1148 595 1223 3,
618 1150 670 1210 21.
719 1148 844 1223 Φύσεως
866 1149 921 1229 pie
936 1147 995 1232 yria
1013 1142 1123 1232 ἆριιὴν
1143 1149 1316 1229 διαφθείρει
1333 1148 1485 1234 ῥᾳθυμία,

320 1254 494 1334 φαυλότητα
508 1249 540 1316 tii
562 1245 735 1332 ἐπανορθοῖ
747 1245 865 1331 διδαχή.
908 1251 955 1310 id.
978 1251 1017 1310 de
1039 1251 1146 1310 Audit.
1166 1254 1217 1310 vl.
1235 1271 1266 1330 p.
1286 1248 1358 1312 138.
1377 1283 1420 1292 -
1443 1243 1485 1310 rio

321 1351 357 1444 ε’ρῖ
371 1381 416 1432 ιις
429 1354 562 1435 doissac
584 1351 668 1431 (soil.
686 1347 738 1426 τὰς
755 1345 804 1430 ἔφ’
819 1347 937 1434 ἡδονὴν
956 1348 1070 1435 ὁρμαῖς)
1085 1341 1109 1438 ᾗ
1122 1349 1277 1431 πεφύκασι
1296 1357 1414 1432 χωρεῖν,
1433 1349 1484 1414 soi

320 1456 363 1539 μή
387 1455 487 1541 λόγοις
508 1463 646 1537 χρηστοῖς
666 1448 825 1533 ἇφαιροῖν,
858 1448 880 1533 ἢ
903 1453 1105 1538 παρατρέπων
1128 1449 1282 1541 ιιαιαριύρ
1301 1449 1359 1532 τήν
1377 1441 1484 1532 pinio,

321 1554 378 1623 otis
392 1559 472 1624 iaetu
486 1553 506 1620 ii
520 1560 563 1619 sui
567 1581 583 1618 ν
597 1559 719 1639 θηρίων
737 1547 796 1619 ονίι
814 1551 853 1618 ἂν
871 1550 1059 1638 ἡμερώτερον
1075 1551 1246 1641 ἆνθρόπου
1263 1557 1384 1636 peusin.
1425 1556 1484 1613 Ge·

320 1674 420 1721 terum
435 1663 578 1740 frequens
601 1670 645 1720 est
665 1660 769 1732 aniani,
792 1661 845 1738 qui
865 1658 1044 1739 disciptinae
1058 1681 1090 1719 se
1107 1661 1241 1739 praebet,
1268 1679 1338 1716 cum
1353 1658 1484 1736 agricul-

322 1774 388 1822 tura
404 1762 599 1842 comparatio.
643 1759 711 1821 Vid.
727 1762 826 1839 Epist.
854 1763 889 1836 1,
915 1760 970 1834 14,
997 1759 1029 1824 ’1.
1072 1763 1135 1820 Sat.
1159 1764 1197 1836 1,
1217 1761 1248 1834 3,
1271 1759 1324 1823 37.
1368 1761 1430 1819 cie.
1446 1757 1484 1818 de

321 1867 403 1924 Orat.
421 1865 453 1938 2,
467 1863 519 1938 30,
537 1863 609 1926 131.
652 1863 778 1935 Quintil.
793 1865 868 1926 inst.
883 1863 915 1936 2,
937 1862 987 1936 19,
1006 1863 1038 1923 2.
1055 1861 1092 1936 8,
1108 1863 1147 1937 3,
1168 1863 1220 1926 75.
1263 1863 1371 1922 Senes.
1386 1864 1485 1942 Epist.

321 1967 374 2028 73.
419 1967 556 2024 Lactant.
572 1968 646 2024 lust.
666 1967 702 2042 6,
732 1963 788 2040 15,
807 1963 838 2025 8.
881 1961 1036 2024 Plutarch.
1058 1961 1095 2021 de
1110 1961 1214 2023 Audit.
1231 1966 1281 2024 01.
1298 1987 1330 2044 p.
1358 1963 1428 2027 138.
1446 1961 1485 2020 de

322 2069 445 2126 Pueror.
462 2066 582 2142 lust.8,
599 2068 649 2129 17.
693 2063 1282 2144 cf.ttutn0et.adttaatr1tvung.1s,
1303 2064 1353 2126 13.
1369 2097 1408 2107 -
1436 2062 1485 2121 Ad

322 2166 508 2224 lunationem
530 2187 598 2226 aur.
619 2169 765 2226 commod.
795 2168 835 2226 oi.
859 2166 947 2227 ovid.
970 2171 1076 2226 Amor.
1096 2170 1130 2242 1,
1151 2168 1189 2242 8,
1212 2169 1264 2230 36.
1311 2165 1486 2224 Commodat

323 2265 423 2324 illusis
442 2270 570 2325 namura
585 2268 679 2326 surda
702 2270 813 2328 Venus.
859 2271 973 2330 Arnob.
992 2267 1022 2332 4.
1037 2289 1067 2347 p.
1083 2267 1154 2331 149·
1192 2269 1253 2328 Vos
1264 2287 1353 2326 oteres
1363 2270 1485 2346 patt'eu-

324 2369 454 2425 tissimus
466 2369 670 2427 commodans.
694 2373 798 2430 Finnii
815 2373 942 2431 Matern.
956 2374 1009 2436 26.
1025 2391 1055 2448 p.
1070 2369 1121 2430 98.
1137 2369 1186 2428 ed.
1202 2372 1244 2427 Μ.
1258 2403 1297 2412 -
1312 2382 1487 2428 mortuum

322 2471 445 2526 αιινὶιιιιι
458 2470 536 2526 milei
547 2471 731 2528 cormnodate
739 2475 932 2548 patientiam,
954 2473 1007 2531 nbi
1017 2475 1166 2529 Mnester.
1178 2473 1239 2528 alia
1252 2469 1366 2530 laudat.
1394 2474 1486 2550 Legi-

324 2581 373 2628 tur
387 2573 489 2644 etiarn‚
510 2570 593 2652 quod
612 2573 754 2631 nonnulli
774 2573 861 2632 codd.
883 2573 933 2633 hic
955 2570 1079 2645 habent,
1100 2593 1189 2630 aures
1198 2575 1423 2633 accommodare
1437 2595 1486 2655 sp.

324 2671 437 2730 Arnob.
454 2675 492 2730 11.
510 2693 540 2751 p.
559 2669 611 2734 47.
634 2676 735 2756 ibique
751 2672 894 2734 Elmenh.
913 2697 943 2755 p.
959 2674 1011 2738 64.
1054 2676 1196 2734 Horatius
1214 2678 1306 2754 paulo
1318 2679 1405 2734 aliter
1421 2677 1486 2735 Sat.

328 2775 363 2847 1,
388 2775 422 2848 1,
444 2774 496 2836 22.
509 2773 642 2851 facilem
660 2811 701 2820 -
725 2777 800 2834 νοίὶο
817 2789 853 2834 ιιι
868 2775 1013 2854 praebeat
1030 2797 1146 2834 merem.
1192 2775 1241 2835 Ad
1260 2797 1325 2835 rem
1342 2788 1372 2835 et
1395 2797 1485 2836 sensu

325 2888 355 2934 et
370 2875 591 2936 construetione
611 2879 743 2937 similem
759 2882 910 2958 imprimis
929 2881 1081 2959 pertinent
1096 2877 1187 2934 verba
1210 2879 1318 2938 Senes.
1334 2877 1372 2936 de
1393 2882 1485 2955 Ιοα2,

328 2981 376 3041 12.
393 2979 495 3059 Atqui
510 2975 590 3035 nihii
601 2991 645 3037 eet
657 2992 721 3038 tam
737 2981 860 3059 dffoile
874 2991 901 3037 et
917 2982 1062 3049 ανᾰαιιιιι,
1080 2977 1165 3057 quod
1175 2999 1237 3036 non
1254 2978 1391 3038 humano
1404 3002 1487 3040 mens

326 3084 441 3152 emeat,
463 3092 492 3138 et
512 3081 545 3136 in
558 3076 809 3157 familiaritatem
824 3083 974 3160 perducat
994 3081 1119 3138 αοοιᾈιια
1143 3081 1316 3140 mutuno:
1348 3083 1486 3163 nuliique

325 3192 397 3239 sant
411 3193 474 3239 tam
481 3183 550 3261 seri
562 3191 590 3237 et
599 3185 739 3255 suijuris
752 3183 894 3264 affectus,
919 3193 954 3240 ut
967 3203 1028 3240 non
1045 3179 1209 3257 ὢαίρὶἰιια
1227 3185 1395 3242 densentur.
1439 3185 1486 3245 td.

326 3283 422 3361 ttptst.
436 3281 488 3344 50.
512 3315 555 3326 -
575 3303 629 3340 nec
651 3285 796 3343 iridurata
814 3283 946 3361 despero.
992 3282 1086 3340 Nilut
1099 3287 1241 3363 estquod
1257 3307 1319 3345 non
1337 3300 1487 3368 expugnet

323 3385 464 3462 pertinax
479 3401 570 3460 opera
590 3394 618 3440 et
637 3386 751 3444 intenta
765 3407 804 3444 ao
820 3385 951 3465 diligens
968 3406 1063 3457 οιαιις
1084 3387 1138 3444 ubi
1150 3389 1286 3449 Muretus
1295 3390 1369 3448 Hor.
1385 3391 1486 3451 iocum

312 3495 491 3574 *comparat
514 3482 606 3564 (upp.
620 3489 673 3546 ili.
692 3508 723 3566 p.
738 3485 804 3566 49.)
825 3487 993 3551 1125.-
1008 3485 1091 3544 niolo
1105 3509 1274 3549 euocatum
1287 3491 1377 3563 milti,
1393 3515 1486 3573 quam

318 3589 418 3664 sedem
430 3587 545 3644 deesse.-
569 3608 623 3645 neo
637 3587 870 3666 desperandum,
897 3590 990 3646 uram
1007 3589 1139 3648 allaturos
1156 3611 1247 3669 agros
1261 3613 1350 3670 posse
1367 3597 1486 3663 sartari,

327 3693 355 3748 si
367 3701 423 3747 eto.
452 3689 532 3746 Ptin.
546 3691 644 3768 Epist.
659 3693 697 3766 8,
714 3688 746 3752 4.
771 3689 864 3748 Nilu'i
879 3701 935 3760 est,
957 3691 1041 3769 quod
1052 3713 1114 3750 non
1129 3703 1194 3750 arte
1214 3714 1360 3773 ueraque,
1380 3699 1408 3752 si
1425 3717 1487 3754 non

322 3802 421 3870 potest
441 3793 541 3860 νίιιοί,
563 3792 725 3870 mitrgretur.
772 3793 932 3850 Horatium
953 3793 1088 3855 imitatus
1112 3793 1233 3854 videtur
1251 3799 1427 3857 Lactantius
1449 3798 1488 3858 de

328 3896 416 3952 Mart.
434 3896 553 3951 Perseo.
571 3894 602 3955 3.
618 3927 660 3938 -
682 3893 772 3952 nulio
793 3893 921 3970 denique
941 3897 1024 3952 mm
1043 3907 1107 3953 tam
1116 3896 1198 3975 serre
1216 3897 1349 3956 neoribru
1371 3903 1487 3969 αι’νιιιι,

328 4005 363 4052 ut
376 4015 437 4052 non
450 4005 584 4073 emeepto
599 3993 662 4051 Dei
675 3995 760 4054 cultu
771 3994 817 4052 ad
823 3995 965 4066 justinae
987 4015 1078 4072 opera
1095 4001 1268 4058 mitesceret.
1291 4035 1330 4045 -
1354 4001 1434 4073 Quid
1449 4003 1488 4062 de

328 4097 393 4174 ipsa
404 4098 514 4155 virtute
523 4097 674 4170 Horatius,
691 4106 793 4155 utrum
809 4095 944 4156 doctrina
952 4097 1153 4178 comparanda
1168 4121 1206 4158 au
1217 4114 1324 4162 natura
1338 4102 1489 4180 donanda,

329 4197 397 4256 iooo
412 4197 548 4254 omnium
562 4195 815 4278 philosophorum
829 4199 1002 4275 communi,
1024 4202 1159 4276 senserit,
1176 4205 1297 4282 planius
1310 4211 1489 4286 perspicitur
1583 4237 1587 4244 ·

329 4318 371 4356 ex
384 4295 440 4358 0d.
455 4295 486 4374 4,
501 4297 541 4373 4,
558 4300 612 4363 33.
625 4297 678 4362 34.
722 4302 873 4360 Doctrina
889 4301 944 4360 aed
955 4303 1019 4360 vim
1028 4317 1185 4380 promovet
1198 4308 1322 4366 undam
1339 4322 1396 4369 ete.
1440 4312 1489 4370 01.

330 4398 468 4460 Sohmid.
486 4400 526 4460 ad
541 4403 638 4481 Epist.
656 4404 686 4478 1,
704 4405 754 4478 18,
775 4407 847 4468 100.
891 4405 1072 4485 (ieter-oquin
1086 4407 1152 4486 ipsa
1169 4411 1263 4466 anitni
1281 4410 1361 4472 bona
1374 4413 1412 4470 ab
1428 4411 1488 4473 lto-

330 4503 467 4578 minum‚
490 4521 552 4564 uon
576 4502 668 4564 deum
688 4516 835 4586 potestate
857 4507 1005 4587 proficisci
1023 4507 1181 4584 arbitratus
1201 4522 1258 4572 est.
1299 4512 1368 4575 Vid.
1386 4515 1488 4575 Beati.
