3450 5334
224 508 268 575 49
333 509 622 577 communiat
640 514 686 575 ΙΝ
705 510 874 579 ΗΟΒΔΤΙῙ
893 514 969 579 LIB.
987 518 1010 579 I.
1025 518 1149 582 EPIST.
1165 518 1278 582 sm.
1319 516 1382 583 321

223 700 400 771 Memmio,
433 703 488 780 qui
513 721 561 759 mc
588 703 622 759 in
641 703 840 761 maciaconc'c'a
858 706 948 763 Iuvit
965 705 1115 786 laudaque
1136 706 1385 788 quadruplicavit

222 826 285 864 rem
315 825 414 863 meam
440 805 558 885 (gratae
575 804 696 882 habco).
738 803 924 885 Quapropter
953 810 1091 869 dissentio
1119 831 1137 871 a
1172 814 1323 871 Tonantio
1352 819 1383 873 et

221 906 400 968 Hochedoeo
408 949 422 978 ,
449 911 498 985 qui
518 909 565 968 hic
586 924 701 986 quoqne
721 908 930 985 perfectionem
953 916 1127 989 quaternarii
1148 918 1301 993 opinantur
1321 918 1384 995 sig·

222 1012 380 1091 nitentum,
401 1032 522 1091 quornm
542 1011 589 1069 ille
608 1012 647 1069 ad
667 1012 697 1069 id
717 1029 772 1069 uos
792 1017 920 1103 revocat,
945 1016 1023 1091 quod
1044 1018 1081 1076 de
1101 1020 1210 1093 quadro
1224 1038 1276 1079 sen
1290 1026 1383 1079 tetra·

222 1136 300 1196 gono
321 1124 352 1177 et
371 1115 444 1176 cubo
464 1118 581 1176 tradant
605 1119 780 1192 geometrae.
827 1114 979 1195 Oncquius
1006 1122 1112 1197 respici
1141 1126 1225 1199 putat
1248 1140 1382 1181 acervum

223 1220 442 1299 Chrysippeum‚
465 1220 514 1298 qui
534 1238 594 1278 non
613 1217 793 1291 rotundetur,
813 1216 833 1274 i.
849 1236 876 1277 e.
897 1219 928 1277 in
944 1238 976 1277 se
993 1222 1094 1279 redeat
1112 1220 1167 1280 nisi
1188 1230 1257 1303 post
1276 1224 1381 1283 multas

221 1323 358 1401 ambages
378 1324 410 1382 in
430 1321 506 1381 hanc
525 1340 587 1380 rem
606 1318 726 1378 laudens
744 1317 825 1379 Pers.
844 1322 883 1397 6,
905 1325 948 1385 78
968 1354 1005 1365 -
1021 1324 1073 1385 80.
1116 1324 1248 1388 ΕιιΙεω
1274 1325 1379 1403 locum,

221 1427 267 1484 cui
286 1427 324 1484 de
351 1423 555 1503 progressione
574 1420 711 1480 orationis
730 1420 799 1480 addi
821 1430 922 1500 potest
941 1423 1006 1483 Jnv.
1030 1419 1082 1500 14,
1103 1426 1166 1491 323
1180 1462 1218 1473 --
1230 1430 1294 1505 26.,
1316 1448 1380 1489 cum

221 1527 381 1587 Horatiano
411 1532 559 1605 comparat
583 1520 779 1582 Caecubonrca
803 1543 833 1602 p.
856 1525 928 1588 558.
973 1526 1019 1585 cf.
1042 1526 1177 1588 Beroald.
1205 1535 1304 1588 annot.
1326 1550 1380 1610 ap·

221 1632 308 1707 pend.
332 1648 358 1688 c.
381 1627 412 1689 9.
432 1630 462 1687 in
482 1628 566 1687 Grnt.
587 1623 691 1704 Lamp.
714 1626 777 1685 crit.
800 1625 824 1685 I.
846 1648 877 1705 p.
898 1628 971 1690 318.
1016 1628 1126 1689 Contra
1145 1631 1322 1689 Perizonius
1342 1634 1380 1693 ad

220 1731 294 1791 Sciii
314 1730 436 1791 Minerv.
459 1732 497 1807 3,
518 1731 549 1793 3.
571 1728 597 1789 Ι.
618 1750 648 1807 p.
671 1726 743 1790 515.
764 1728 802 1787 Β.
822 1728 930 1807 quadr.
950 1752 1049 1789 αοενν.
1075 1734 1145 1792 dicit
1165 1742 1297 1811 quartam
1318 1734 1380 1811 ejus

219 1840 334 1912 partem
353 1836 527 1894 constituere
544 1852 597 1893 seu
619 1834 736 1905 facere,
771 1838 805 1889 nt
825 1840 949 1907 quatuor
970 1832 1100 1910 partibus
1117 1842 1240 1896 constet.
1283 1836 1381 1895 Dori-

215 1934 320 2015 gieta
329 1978 344 2007 ,
373 1936 418 1994 cui
438 1954 526 1995 naves
547 1933 585 1992 ob
607 1933 706 1993 oeulos
727 1931 898 1993 obversatae
921 1941 1006 2012 sunt,
1035 1936 1092 1995 sic:
1125 1956 1206 2013 „una
1225 1938 1305 1997 nans
1326 1938 1380 1999 tibi
1404 1969 1408 1983 .

219 2038 307 2104 6200
327 2038 462 2097 denarios
483 2034 683 2116 suppeditet(
702 2076 710 2092 ·
733 2032 801 2111 34),
822 2043 854 2095 et
871 2043 973 2113 quarta
991 2039 1072 2097 navis
1094 2041 1217 2117 quadret
1237 2041 1379 2101 cumulum

218 2141 357 2219 pecuniae
377 2139 579 2200 numeratae.“
620 2136 710 2198 Tales
734 2137 862 2213 argutias
888 2138 1032 2199 indicasse
1054 2143 1125 2201 satis
1149 2141 1251 2202 habeo.
1296 2146 1379 2214 Quae

219 2244 257 2302 de
281 2240 401 2299 mentis
420 2241 467 2301 hic
487 2243 617 2321 disputat
637 2240 841 2317 Dcapreziuc,
876 2258 978 2319 parum
998 2242 1105 2303 habent
1124 2244 1209 2317 fidei3
1245 2254 1379 2307 accurate

218 2352 317 2404 autem
336 2346 374 2404 de
394 2350 457 2404 tota
470 2364 503 2402 re
524 2345 585 2422 egit
596 2341 769 2401 Bocchlu'm
787 2343 819 2400 in
838 2342 1015 2421 „Metrolog
1027 2344 1287 2427 Untersnchungen
1308 2348 1378 2408 iiber

220 2446 386 2523 Gewichte,
413 2446 606 2506 montane‘
627 2453 683 2506 ete.
705 2445 784 2505 Berl.
807 2444 902 2509 1838.
923 2465 953 2523 p·
976 2444 1049 2511 298.
1074 2447 1165 2527 299.,
1194 2468 1317 2527 quocum
1339 2452 1377 2510 ct.

217 2550 418 2609 Buttmann:
454 2546 693 2624 „Tabellarisohe
713 2546 888 2607 Uebersieht
915 2550 967 2607 der
994 2548 1238 2627 gewihniichsten
1263 2552 1377 2613 altrdm.

216 2650 365 2712 Minzen“
382 2656 438 2710 etc.
457 2648 558 2729 Leipz.
581 2652 674 2716 1828.
695 2670 725 2729 p.
742 2650 794 2715 58.
837 2648 881 2709 Ex
900 2656 1002 2711 nostra
1024 2651 1112 2729 igitur
1131 2654 1314 2731 computandi
1330 2672 1378 2713 ra·

218 2756 295 2814 tione
316 2753 401 2811 mille
421 2750 537 2810 talenta
557 2751 685 2811 efficiunt
698 2752 873 2828 1,225‚000
886 2750 1012 2811 thaleros
1032 2751 1145 2812 bornss.
1171 2752 1261 2813 Panlo
1280 2755 1379 2815 differt

216 2856 270 2916 ro.
293 2852 436 2913 Schultce
450 2854 481 2912 in
502 2851 621 2914 Passov.
642 2849 741 2915 Leria.
764 2872 809 2931 gr.
830 2850 869 2913 11.
891 2872 921 2932 p.
944 2854 996 2916 76.
1017 2855 1143 2933 append.
1167 2854 1204 2915 ci.
1227 2854 1319 2917 Orell.
1337 2858 1376 2917 ad

214 2956 276 3017 Sat.
299 2961 338 3033 2,
360 2958 400 3031 7,
418 2955 472 3021 89.

298 3055 333 3118 V.
356 3058 516 3122 36-38.
564 3056 688 3117 Scilicet
704 3090 747 3105 -
764 3059 935 3136 Venusque.
978 3058 1145 3117 Sententia:
1166 3054 1299 3135 „Magna
1319 3058 1375 3118 sci-

216 3162 286 3221 licet
305 3169 374 3221 sunt
394 3161 556 3221 divitiarum
575 3163 742 3236 commoda,
778 3166 904 3239 atquae
926 3160 993 3219 illae
1019 3158 1176 3238 praebent,
1212 3180 1271 3220 non
1291 3160 1375 3219 nobis

213 3262 305 3344 (quod
328 3263 440 3343 planius
459 3263 531 3322 dicit
551 3262 698 3321 Juvenalis
714 3262 745 3339 5,
769 3259 866 3339 136),
886 3265 938 3322 sed
957 3261 1063 3321 divitiis
1083 3262 1155 3340 ipsis
1174 3260 1376 3322 exhibentur.“

212 3400 257 3413 --
271 3386 393 3425 uxorem
410 3385 480 3424 cum
500 3364 576 3440 dote,
594 3372 642 3423 est
656 3362 744 3423 tecta
761 3386 837 3423 tueor
850 3364 945 3443 Epist.
969 3366 999 3441 1,
1020 3366 1051 3439 2,
1073 3358 1125 3426 44.
1146 3362 1195 3423 nbi
1211 3364 1286 3423 vide.
1327 3360 1375 3423 De

213 3488 302 3529 nxore
317 3470 433 3546 quidem
448 3476 555 3545 negata
565 3465 683 3526 Petron.
698 3466 769 3529 137.
817 3465 962 3544 Quaqua
975 3462 1066 3523 habet
1079 3484 1217 3525 mmmm
1230 3498 1274 3511 -
1293 3464 1375 3523 Uxo-

213 3590 276 3629 rem
299 3570 394 3629 ducat
423 3568 560 3627 Damio
587 3575 643 3628 etc.
669 3567 739 3646 ibiq.
771 3567 906 3627 Wernsd.
932 3566 983 3627 111.
1014 3588 1044 3647 p.
1068 3569 1187 3631 61-
1204 3566 1373 3647 fidemque,

213 3674 299 3751 quia,
320 3679 354 3733 ut
373 3675 415 3731 ait
430 3670 493 3729 Sat.
517 3673 547 3747 1,
570 3673 600 3748 1,
618 3672 684 3746 62,
708 3671 799 3741 tanti,
821 3680 969 3749 quantiam
990 3668 1116 3743 haime,
1134 3671 1184 3729 εἰε.
1225 3670 1327 3730 Juven.
1340 3670 1373 3745 3,

214 3766 285 3835 143.
334 3773 489 3850 Quantum
514 3774 640 3852 quaeqae
659 3790 717 3831 cua
736 3790 927 3829 nummorum
947 3782 1048 3830 servat
1075 3773 1109 3829 in
1129 3790 1220 3847 arca,
1255 3780 1374 3829 tortium

213 3871 353 3931 habetet
370 3874 460 3949 fidei.
504 3873 623 3937 Philem.
642 3872 693 3933 Fr.
715 3872 777 3933 XV.
821 3870 975 3954 dececrt
994 3868 1028 3937 δὲ
1043 3876 1085 3957 τῷ
1102 3870 1210 3953 πένητι
1230 3865 1370 3936 dustria·

212 4008 257 4021 -
278 3971 364 4057 α’νήρ
385 3975 586 4057 diatonicis,
606 3972 667 4040 adv
687 3971 766 4056 dyas
786 3976 982 4062 ψευδηγορῇ,
1005 3976 1091 4038 δοκεῖ
1108 3998 1137 4039 τι
1158 3970 1286 4057 φράζειν
1309 3980 1374 4049 τοῖς

213 4071 382 4140 α’κουόυσιν
399 4074 544 4158 donatia.
565 4114 611 4127 -
636 4090 666 4138 et
689 4078 812 4140 amicos.
855 4076 950 4138 Plaut.
974 4078 1065 4139 Stich.
1087 4073 1124 4156 4,
1159 4081 1196 4154 1,
1232 4078 1282 4142 16.
1332 4076 1374 4135 Ut

211 4182 320 4259 cuique
350 4177 467 4240 homini
496 4202 544 4240 rec
574 4194 690 4262 parato
719 4191 780 4253 est,
806 4180 898 4255 ffimi
927 4181 1020 4238 amici
1048 4190 1128 4237 eunt.
1173 4178 1292 4239 Philem.
1320 4178 1370 4239 Fr.

212 4286 343 4365 Πτερυγ.
366 4282 389 4343 l.
410 4288 500 4349 τοῦτο
520 4280 568 4358 (cd
589 4278 751 4368 dpydpsav)
770 4276 798 4345 δ’
813 4278 853 4345 ἄν
872 4281 950 4367 powg,
975 4280 1042 4362 λέγι
1061 4276 1138 4364 sapie
1157 4273 1247 4342 τοῦθ’
1263 4275 1280 4344 i
1295 4274 1372 4361 βού-

210 4388 265 4461 λει,
286 4378 389 4447 πάντα
409 4402 458 4450 σοι
475 4384 642 4469 γενήσεται,
663 4388 758 4465 φίλοι,
775 4384 900 4466 βοηθοὶ,
924 4378 1082 4464 μάρτυρες,
1102 4382 1264 4446 συνοικίαι.
1307 4380 1371 4443 Me-

209 4490 312 4547 nandr.
324 4487 376 4548 Fr.
395 4490 465 4552 165.
507 4483 620 4554 [adst
640 4490 753 4571 ἔχωμεν
766 4479 909 4569 χρήμαθ’,
930 4484 1035 4565 ἕξομεν
1050 4486 1166 4563 φίλους.
1208 4484 1282 4545 Ibid.
1298 4486 1370 4550 500.

210 4590 283 4653 558.
328 4589 372 4650 ld.
387 4592 445 4651 inc.
460 4588 535 4651 aaa.
546 4591 597 4651 Fr.
618 4591 656 4651 X.
674 4612 703 4670 p.
719 4590 770 4654 56.
791 4588 917 4670 (Dein)
938 4594 968 4647 et
989 4586 1122 4665 Theogn.
1138 4586 1211 4654 929.
1226 4588 1274 4649 ed.
1288 4585 1370 4667 Lips.

241 4686 398 4747 nonna
1053 4685 1096 4751 21
1116 4686 1166 4771 (4)
