3450 5334
254 508 297 576 29
370 506 655 571 CObfflENTARll
670 502 1014 573 ΙΝΗΟΒΑΤΙΙΠΒᾸ.
1035 510 1288 575 ΕΡ18Τ.8ΕΧΤ.
1347 510 1412 579 297

252 708 355 756 antem
376 707 405 753 et
423 717 530 776 cupere
552 710 581 757 et
600 708 728 757 meacm
748 708 868 757 nonest
886 698 951 755 eine
971 699 1103 779 quodam
1114 722 1247 778 pavore,
1270 703 1325 782 qni
1341 706 1412 782 qai-

253 802 321 860 dem
342 802 439 859 omnm
457 802 636 861 adversm
644 812 806 880 praecepto
829 800 900 871 illi,
926 800 991 858 noli
1002 800 1188 861 admei-affl
1214 808 1324 873 Quodsi
1335 804 1412 867 Poe-

253 913 301 965 tae
324 905 509 982 complicatae
534 907 668 963 notiones
695 912 775 965 recte
799 907 842 963 sic
869 910 953 963 erunt
980 906 1126 985 evolutae,
1153 911 1236 968 cadet
1257 908 1306 967 illa
1326 912 1411 987 ratio,

254 1028 339 1085 qnam
361 1006 507 1065 Hellenos
533 1006 594 1085 (ap.
613 1006 752 1066 Doederl.
770 1027 802 1085 p.
824 1004 878 1084 12)
902 1009 938 1066 de
960 1012 1125 1088 conjectura
1146 1013 1323 1089 quorundam
1342 1032 1411 1091 pro-

252 1114 364 1190 posuit:
386 1110 497 1187 „Stulti
516 1118 583 1170 suut
602 1110 731 1169 homiues
752 1114 782 1171 in
801 1117 950 1187 utramque
973 1118 1100 1189 partem:
1122 1112 1168 1171 alii
1188 1133 1225 1173 ue
1244 1132 1279 1173 ea
1299 1117 1412 1193 quidem

253 1216 441 1289 admiranQ
464 1233 538 1291 qnae
552 1215 672 1271 maxime
690 1222 758 1274 sunt
778 1210 968 1288 admirabilia,
991 1220 1090 1273 contra
1109 1214 1156 1273 alii
1170 1234 1205 1275 ea
1220 1235 1334 1294 quoque
1350 1225 1412 1277 stu-

253 1322 341 1394 pent,
370 1335 444 1392 quae
472 1316 548 1375 nulla
573 1316 661 1395 digua
685 1323 751 1376 sunt
781 1314 1009 1388 admiratioue“;
1045 1316 1129 1377 cadet
1158 1318 1302 1398 Komigst
1323 1320 1413 1379 inter-

253 1421 393 1497 pretatio:
414 1426 504 1494 „srmt
524 1417 652 1477 homines
669 1416 706 1476 ab
723 1420 799 1477 omni
819 1418 1020 1496 superstitione
1043 1420 1164 1495 remoti,
1189 1428 1222 1481 ut
1245 1440 1282 1481 ue
1302 1422 1414 1499 cogita-

254 1523 333 1581 tione
354 1522 468 1598 quidem
488 1522 622 1597 deorum,
640 1541 724 1599 quam
743 1520 815 1581 coeli
831 1526 964 1600 aspectus
974 1538 1090 1579 movere
1106 1528 1223 1601 potest,
1243 1524 1414 1602 perturben-

255 1632 321 1701 tur,
342 1625 492 1699 animoque
512 1622 665 1699 tranquillo
687 1624 823 1684 coelestia
842 1621 1088 1701 contemplentur,
1115 1629 1331 1702 quantominus
1352 1629 1413 1687 uni·

255 1746 331 1785 mum
358 1731 487 1785 nostrum
514 1744 630 1784 movere
651 1725 757 1785 debent
779 1745 831 1804 ea,
863 1746 938 1805 quae
960 1730 1038 1784 terra
1065 1732 1095 1786 et
1115 1746 1193 1787 mare
1220 1728 1319 1803 effert3
1345 1748 1413 1787 seu:

255 1837 341 1906 sunt,
370 1830 418 1906 qui
438 1825 483 1885 vel
496 1829 568 1887 deos
593 1829 740 1908 negligant
761 1836 791 1889 et
812 1835 1012 1906 contemnant,
1041 1848 1137 1889 noune
1156 1830 1246 1889 multo
1266 1833 1358 1910 magis
1379 1848 1415 1890 ca

255 1930 427 2008 negligenda
454 1936 485 1987 et
513 1933 720 1990 contemnenda
741 1936 826 2007 suut,
854 1950 927 2009 quae
949 1929 1040 1987 saon
1061 1932 1133 1991 tanti
1153 1936 1320 2012 aestiment,
1341 1952 1415 2010 quo-

256 2050 318 2090 rum
346 2032 499 2109 cupiditate
525 2033 609 2090 animi
638 2052 736 2091 eornm
762 2035 803 2093 ita
827 2031 1048 2111 perturbentur,
1073 2040 1105 2091 ut
1127 2035 1212 2094 vitam
1229 2037 1415 2095 miserrimam

256 2133 382 2210 agant“;
401 2139 567 2193 occurretur
584 2136 743 2211 quaestioni
761 2135 819 2211 illi,
840 2139 935 2193 utrum
959 2136 1034 2195 idem
1060 2136 1217 2216 subjectum
1242 2141 1271 2199 iu
1294 2144 1414 2215 umque

256 2235 452 2295 enunciatioue
484 2235 526 2313 [ut
545 2237 767 2314 interpretantur
787 2235 978 2314 Wielundius,
1007 2238 1250 2319 Cbarpenterius,
1277 2240 1332 2318 alil]
1354 2247 1415 2301 sta·

256 2338 392 2398 tuendmn
412 2338 450 2395 sit
469 2356 523 2395 nec
546 2356 602 2414 ue,
626 2344 792 2396 ocarrretm
819 2337 986 2397 dubitationi
1013 2360 1142 2421 quoque,
1173 2362 1257 2422 quam
1285 2344 1323 2403 de
1352 2349 1415 2403 tota

258 2441 470 2518 comparatione
490 2436 733 2497 movitHellcruc
747 2437 792 2497 his
812 2441 873 2499 tere
890 2460 958 2499 usus
977 2442 1088 2503 verbis:
1110 2465 1170 2522 „er
1190 2448 1242 2524 iis,
1260 2464 1333 2525 quae
1347 2465 1415 2505 cau-

232 2552 319 2601 'sam
340 2544 533 2601 admirationis
553 2541 670 2601 alterius
688 2562 706 2601 e
727 2545 898 2620 comparatis
918 2543 1036 2605 membri
1053 2548 1217 2626 continent,
1239 2556 1331 2609 metus
1351 2551 1415 2627 qui-

257 2648 323 2706 dem
342 2651 373 2704 et
392 2644 525 2721 gaudium
547 2644 577 2703 in
597 2644 718 2704 alterum
740 2646 825 2705 etiam
844 2646 967 2723 cadunt,
986 2668 1058 2725 quac
1074 2656 1168 2709 autem
1187 2652 1335 2711 maximum
1353 2668 1416 2709 om-

255 2751 324 2807 niuo
348 2748 434 2806 facien
448 2754 620 2806 momentum
639 2748 807 2824 possidendi
825 2749 947 2825 cupido,
970 2770 1029 2809 nou
1045 2752 1123 2810 item.
1156 2751 1319 2811 Terrestris
1340 2754 1414 2811 euim

257 2851 324 2929 illa,
353 2852 480 2925 diutine,
506 2846 648 2922 bonores,
678 2846 795 2925 plausus
815 2866 875 2906 uon
901 2847 993 2908 solum
1019 2858 1142 2929 possunt
1172 2855 1330 2930 possideri,
1362 2854 1415 2913 sed

257 2956 345 3013 etiarn
367 2971 426 3010 non
445 2950 499 3009 uisi
522 2950 685 3027 possessori
705 2957 843 3026 prosunt,
863 2949 954 3009 solem
974 2958 1070 3011 antem
1096 2958 1126 3011 et
1145 2954 1243 3013 stellas
1263 2956 1414 3033 possidere

256 3074 342 3114 nemo
365 3074 424 3112 uou
443 3052 527 3111 modo
546 3055 661 3128 potest,
687 3052 740 3109 sed
756 3068 794 3107 ue
815 3050 872 3109 vult
892 3052 1021 3129 quidem,
1046 3056 1177 3131 qnoniam
1197 3055 1243 3113 vix
1266 3055 1330 3133 plus
1358 3057 1414 3115 nti·

257 3157 364 3235 litatis,
384 3156 450 3235 plus
479 3154 550 3211 lucis
570 3152 617 3210 vel
642 3152 745 3211 caloris
773 3152 841 3210 inde
868 3162 1036 3232 accepturus
1067 3166 1160 3233 esset,
1189 3158 1213 3215 si
1241 3158 1412 3237 possideret.

259 3264 353 3331 Quem
373 3258 486 3336 quidem
504 3256 647 3315 defectum
667 3256 794 3315 sensisse
818 3256 948 3315 videntur
970 3259 1121 3339 Cntqaiza
1142 3266 1172 3319 et
1190 3259 1341 3317 Dacerias
1359 3280 1414 3340 pro

256 3362 423 3443 possidendi
453 3358 584 3437 cupidine
603 3357 809 3418 substituentes
827 3352 998 3437 ’cupidinem
1021 3359 1218 3440 cognoscendi
1225 3368 1252 3397 “
1277 3368 1332 3421 etc.
1375 3361 1415 3425 At

255 3466 348 3525 omnis
368 3466 397 3522 in
419 3482 454 3523 eo
475 3462 593 3521 vertitur
616 3460 722 3535 cardo,
745 3463 822 3540 quod
840 3462 978 3524 Horatius
997 3464 1173 3523 admirandi
1192 3463 1279 3523 verbo
1303 3465 1364 3523 fere
1385 3465 1415 3524 id

255 3570 335 3647 quod
365 3567 431 3624 inde
461 3564 597 3632 efficitur,
625 3560 671 3619 vel
693 3566 852 3641 cupidinem
880 3566 925 3623 vel
945 3574 1050 3626 metum
1070 3568 1115 3626 vel
1132 3574 1279 3643 utrumque
1299 3568 1413 3626 indicat.

257 3668 306 3725 Ct'.
330 3667 429 3729 Heinr.
459 3668 497 3725 ad
526 3665 591 3724 Juv.
622 3666 683 3740 10,
715 3661 746 3725 4.
790 3667 931 3727 Consulto
958 3670 1043 3745 igitur
1062 3668 1245 3747 firmiclinrb
1274 3670 1416 3729 contraria

257 3767 300 3842 (v.
319 3766 354 3846 4)
372 3777 450 3830 tecte
474 3768 589 3846 ponitur
608 3767 719 3845 cupido
740 3766 782 3845 (v.
797 3768 907 3848 5-8).
951 3768 1041 3829 Aliter
1062 3772 1108 3847 qui
1135 3778 1275 3845 statuunt,
1304 3792 1415 3831 ornnem

256 3869 313 3927 loci
335 3870 509 3930 subdifficilis
531 3877 699 3949 pervertunt
724 3869 901 3951 elegantiam.
946 3872 1051 3931 Similia
1075 3877 1234 3950 contraria,
1255 3892 1415 3951 quanquam

256 3970 313 4029 alia
336 3978 423 4049 atquc
447 3972 492 4030 bic
512 3982 559 4033 est
577 3974 689 4032 ratione
709 3984 876 4053 proponunt
902 3975 1005 4035 Cicero
1025 3984 1055 4035 et
1069 3976 1200 4053 Seneca,
1223 3974 1269 4033 ille
1290 3977 1319 4033 in
1339 3973 1413 4034 Aca-

257 4074 334 4131 dem.
355 4077 392 4149 2,
417 4070 477 4150 41,
501 4077 572 4138 127.
599 4076 677 4134 etin
701 4073 793 4134 Tusc.
814 4077 854 4154 4,
884 4080 941 4154 17,
965 4078 1031 4139 87.:
1068 4078 1152 4155 Quid
1174 4080 1253 4136 enim
1280 4078 1307 4135 ei
1330 4076 1415 4135 vras-

257 4184 329 4231 atur
359 4192 507 4251 magnam
536 4178 570 4232 in
594 4176 683 4235 rebus
706 4177 868 4249 humana,
897 4181 949 4237 cai
970 4182 1130 4239 aeternitas
1152 4182 1250 4239 omnis
1268 4183 1415 4259 aruaque

259 4276 368 4334 mnndi
377 4286 449 4334 nota
460 4277 729 4356 aitmagm'tado?‚
752 4280 798 4339 bic
819 4282 849 4339 in
866 4282 907 4341 N.
921 4284 980 4353 Qu.
995 4286 1023 4346 1.
1041 4303 1072 4361 p.
1085 4283 1157 4346 647.
1169 4284 1307 4363 praefat:
1331 4283 1415 4341 Turre

249 4380 346 4450 juvat
365 4380 443 4436 inter
456 4378 555 4437 sidera
568 4382 638 4458 ipsa
654 4394 819 4462 vagantem
831 4383 960 4443 divimus
970 4388 1147 4463 pavibunta
1165 4385 1262 4445 ridere
1279 4396 1307 4443 et
1323 4395 1416 4444 totam

258 4502 328 4539 cam
347 4502 423 4539 auro
445 4502 500 4540 suo
518 4494 629 4541 terram
650 4492 706 4545 etc.
748 4486 808 4546 lllis
828 4489 982 4549 assentitur
1005 4487 1142 4547 Bnetlrius
1163 4490 1193 4547 in
1214 4488 1333 4548 Consol.
1352 4488 1416 4567 plri-

257 4582 369 4663 losopb.
387 4585 426 4662 3,
452 4586 483 4648 8.
527 4586 678 4664 Respicite
699 4590 775 4647 coeli
789 4592 922 4667 epatium
930 4632 942 4661 ,
959 4588 1184 4665 firmitudinem
1191 4634 1205 4665 ,
1224 4592 1417 4661 celeritatem,
