3450 5334
237 511 278 574 21
339 507 628 571 ΟΟΜΜΕΝΤΔΒΙΙ
648 510 692 571 ΙΝ
712 509 1301 580 HOR1T11L18.1.EP1sT.TERT.
1336 514 1400 579 211

236 693 301 754 Vn.
330 692 445 757 Baehr.
477 696 582 761 Geaelr.
608 698 638 760 cl.
665 699 755 756 num.
790 699 854 762 Lil.
887 718 917 777 p.
946 700 1018 762 693.
1050 701 1093 758 ed.
1117 703 1149 765 2.
1192 701 1286 780 Major
1313 703 1399 763 etium

235 796 376 873 quamde
395 799 456 875 ejus
477 799 585 877 origine
602 804 647 857 est
668 801 858 860 controversia
884 802 920 859 de
934 802 1022 879 ipsios
1041 803 1143 861 studiis
1169 804 1304 883 poeticis,
1324 823 1398 882 quae

235 898 294 957 sere
316 916 414 957 omnes
430 900 600 979 interpretes
625 908 682 959 tam
707 904 786 981 parvi
809 902 976 978 aestimant,
1001 909 1034 961 ut
1051 906 1197 982 juvenem,
1219 907 1268 982 qui
1284 908 1397 967 annam

236 1000 379 1077 quandam
396 1002 426 1059 in
446 1004 526 1080 poesi
550 1002 676 1082 posuerit
697 1022 829 1083 operam,
857 1006 886 1063 in
908 1003 1107 1083 plagiariornrn
1126 1025 1241 1066 numero
1262 1009 1395 1081 habeant,

239 1102 431 1161 Wichertna
456 1104 544 1181 igitur
563 1106 613 1184 (p.
635 1102 740 1185 383.):
769 1105 838 1182 „Ex
859 1106 904 1164 lris
930 1107 1028 1185 (quod
1057 1109 1164 1186 scripta
1187 1112 1396 1186 praestantissi-

234 1222 344 1263 morum
364 1209 512 1283 poetarum
533 1206 714 1285 expilaverit,
739 1226 823 1283 quam
844 1208 882 1267 ob
909 1226 968 1266 rem
986 1208 1059 1269 Hor.
1080 1208 1204 1270 saburiam
1226 1213 1394 1291 necopinum

234 1308 445 1367 accommodate
471 1308 591 1367 ineam
626 1307 822 1391 transtulerit)
858 1309 941 1369 facile
974 1310 1094 1387 quisque
1124 1312 1278 1393 intelliget,
1308 1333 1394 1391 quarn

234 1408 419 1488 contemptim
439 1408 480 1472 H.
507 1410 543 1469 de
571 1410 684 1489 poetica
712 1411 848 1471 facultate
870 1411 947 1470 Celsi
966 1414 1092 1491 sentiat,
1116 1432 1202 1490 quam
1226 1415 1326 1476 acerba
1345 1437 1393 1475 ur-

233 1508 363 1569 banitate
379 1530 447 1569 usus
463 1530 528 1570 eum
543 1512 664 1589 castiget
681 1518 711 1570 et
726 1512 763 1571 ab
782 1514 860 1593 turpi
876 1513 1081 1591 inhonestaque
1096 1518 1254 1576 studiorum
1271 1518 1393 1577 mitono

232 1618 265 1671 ut
285 1614 346 1689 jam
372 1612 441 1671 alias
469 1614 590 1690 fecerat,
621 1614 707 1672 etiam
729 1634 780 1693 per
809 1615 883 1675 hauc
903 1616 941 1674 ad
960 1616 1065 1675 lulium
1092 1616 1208 1677 Florum
1233 1619 1392 1699 Epistolarn

232 1734 350 1775 evome
370 1717 521 1803 studeqt“
552 1716 599 1777 Ci.
621 1716 710 1793 ejusd.
728 1718 888 1777 Commeat.
902 1718 940 1776 de
956 1719 1054 1777 Lucio
1074 1720 1167 1778 Vario
1183 1723 1277 1777 Poeta
1294 1741 1324 1799 p.
1340 1719 1391 1782 84.

230 1814 270 1879 Ν.
294 1817 346 1879 69.
390 1806 574 1898 Quapropter
598 1818 797 1877 humanissime
821 1818 895 1878 illius
918 1820 1029 1898 juvenis
1056 1823 1244 1899 patrocinium
1266 1825 1392 1901 suscepit

231 1918 283 1982 Pl.
297 1918 456 1978 Jacobaius
469 1919 523 1998 [V.
538 1941 566 2000 p.
581 1916 644 1983 343
658 1922 758 1998 sqq.],
779 1923 857 1999 cujus
870 1922 909 1979 ad
920 1923 1090 1981 sententiam
1103 1925 1222 1984 accessit
1244 1924 1390 1993 orellao,

231 2021 279 2096 qui
301 2027 414 2099 praeter
434 2021 489 2081 alia
509 2022 563 2081 lroc
583 2029 665 2081 acute
687 2024 784 2081 docet:
806 2021 959 2081 Horatium
978 2022 1022 2081 his
1042 2025 1135 2083 verbis
1150 2026 1225 2085 idem
1237 2026 1323 2085 Celso
1342 2046 1388 2084 ac-

229 2123 365 2183 clamasse
387 2124 465 2201 quod
489 2123 656 2183 Pisonibus:
685 2126 752 2181 Nec
771 2122 894 2182 uerbum
920 2124 1007 2183 verbo
1027 2125 1149 2185 curabis
1171 2129 1292 2186 reddere
1304 2128 1389 2203 sulec

230 2225 382 2303 Interpres
392 2270 405 2298 ,
436 2246 490 2284 nec
517 2226 635 2283 desilies
652 2227 796 2283 'imitator
817 2228 850 2282 in
873 2230 995 2284 artum!
1033 2226 1120 2288 Addo
1142 2248 1215 2307 ego,
1238 2231 1286 2307 qui
1308 2235 1387 2289 totus

229 2328 370 2387 assentior
389 2328 455 2387 viris
475 2326 529 2386 illis
554 2329 741 2406 doctissimis,
764 2334 864 2387 nostra
885 2330 1025 2389 sentiendi
1049 2330 1160 2389 ratione
1180 2338 1282 2409 utpote
1297 2331 1387 2390 homi-

229 2448 296 2488 nnm
321 2448 409 2510 saepe
434 2430 600 2508 bilinguium
623 2438 708 2509 atque
730 2431 832 2489 incude
853 2431 943 2491 aulica
965 2432 1119 2509 politorum
1141 2452 1199 2491 non
1222 2433 1311 2493 rideri
1328 2452 1386 2492 me

229 2533 340 2591 tiendus
351 2532 494 2591 liberiores
508 2533 652 2592 hominum
668 2535 849 2611 antiquorum
866 2532 1090 2611 simpliciumque
1104 2553 1206 2594 mores.
1219 2568 1264 2581 —·
1284 2532 1319 2597 V.
1337 2536 1376 2597 16

228 2636 373 2693 Privatae
401 2655 471 2714 opes
499 2637 684 2715 Doeringino
709 2638 801 2696 minus
828 2643 958 2697 accurate
982 2635 1187 2716 interpretatur
1210 2638 1386 2716 „doctrinae

227 2738 338 2819 copias,
357 2754 429 2813 quas
442 2738 537 2797 Titius
555 2756 590 2797 cx
610 2758 642 2796 se
659 2741 722 2817 ipso
741 2741 868 2817 hauriat,
886 2756 945 2797 non
960 2757 994 2797 ex
1011 2738 1130 2796 aliorum
1143 2740 1294 2818 scriptis,“
1315 2757 1385 2815 qna-

226 2846 345 2918 propter
368 2858 426 2898 non
445 2840 546 2917 effugit
568 2840 719 2899 humanam
742 2841 879 2900 Jacobac'i
904 2840 1124 2898 admonitionem
1150 2838 1220 2919 (1.1.
1237 2860 1268 2917 p.
1285 2832 1383 2920 344).

226 2942 392 3002 Hoclreder.
407 2942 518 3002 confert
531 2940 568 3003 Δ.
579 2940 613 2999 Ρ.
634 2942 706 3004 131.
721 2950 751 3001 et
773 2942 947 3001 Schmiclc’ua
965 2942 1002 2998 de
1016 2941 1163 3018 tangendi
1178 2940 1264 3001 verbo
1283 2940 1384 3021 (idque

228 3063 279 3125 per
292 3045 388 3104 literas
407 3045 504 3103 adme
519 3038 618 3126 datas)
634 3041 764 3121 Propert.
782 3045 818 3122 3,
830 3046 869 3118 2,
885 3044 933 3105 16.
947 3048 977 3101 et
989 3042 1108 3101 Sclrrad
1125 3044 1164 3101 ad
1178 3042 1252 3102 llus.
1267 3064 1297 3122 p.
1309 3040 1381 3131 204.

229 3146 399 3227 Schcffeme
420 3146 458 3204 ad
476 3143 598 3205 Phaedr.
622 3146 657 3222 1,
675 3147 730 3223 22,
753 3147 801 3208 11.
825 3144 959 3223 intelligit
971 3146 1057 3222 priv.
1079 3164 1150 3221 opes
1158 3186 1172 3215 ,
1199 3163 1273 3220 quae
1292 3145 1383 3225 respi-

224 3250 299 3309 ciant
322 3250 466 3307 dominum
490 3265 589 3326 snum,
619 3266 699 3326 enm,
731 3267 749 3307 a
775 3266 832 3323 quo
859 3248 1078 3327 proficiscantur.
1117 3245 1178 3306 Res
1195 3247 1224 3305 in
1246 3252 1383 3326 promptu

224 3356 276 3410 cst.
317 3350 389 3409 Hor.
407 3348 522 3407 Celsum
536 3349 573 3408 ab
593 3350 676 3409 anxia
691 3350 872 3426 antiquorum
884 3350 1053 3428 scriptorum
1067 3348 1224 3409 imitatione
1237 3355 1339 3408 avocat
1351 3354 1382 3407 et

224 3454 260 3512 ed
273 3454 471 3531 componenda
483 3450 550 3510 talia
561 3452 682 3510 carmina
696 3452 807 3529 invitat,
818 3470 892 3527 quae
904 3452 1007 3530 privati
1018 3450 1161 3529 sintjuris.
1182 3449 1274 3510 Ludit
1286 3456 1381 3509 autem

224 3555 251 3611 in
268 3555 355 3615 verbo
371 3553 530 3633 tangendi,
545 3552 624 3629 qnod
635 3572 669 3611 ex
684 3554 794 3615 ratione
807 3556 1012 3614 contrariorum
1028 3554 1222 3614 accommodat
1235 3555 1274 3612 ad
1283 3552 1319 3615 V.
1329 3554 1379 3615 17.

223 3656 388 3713 Palatinus
405 3675 611 3735 quaecumque
634 3659 742 3734 recepit
762 3656 887 3734 Apollo.
919 3655 952 3714 ln
964 3655 1075 3735 porticu
1087 3656 1161 3714 enim
1174 3656 1274 3734 templi
1289 3654 1380 3733 Apol-

221 3756 285 3816 linis
299 3776 327 3819 a.
341 3779 369 3816 u.
382 3760 445 3821 726
458 3758 613 3818 consecrati
636 3757 710 3837 (Od.
731 3760 769 3835 1,
792 3758 857 3838 31.)
873 3758 1029 3817 constituta
1048 3764 1112 3816 erat
1130 3757 1298 3817 bibliotheca
1311 3758 1378 3814 Po-

222 3860 320 3918 latina
339 3858 468 3937 publica,
494 3863 530 3919 de
550 3879 607 3936 qua
626 3862 683 3919 vid.
704 3859 759 3919 Dio
775 3862 858 3922 Cass.
880 3860 986 3937 53,1.
1023 3860 1142 3919 Sueton.
1157 3859 1259 3922 Octav.
1277 3857 1330 3922 29.
1346 3865 1377 3917 et

222 3964 257 4021 de
273 3961 381 4020 illustr.
407 3962 460 4023 Gr.
478 3961 527 4026 20.
568 3961 640 4021 Plio.
659 3964 697 4023 Η.
719 3962 758 4025 Ν.
781 3960 840 4042 34,
863 3966 903 4040 8,
926 3964 975 4025 22.
1000 3959 1171 4046 (Hardnin.)
1186 3963 1270 4022 Ouid.
1284 3960 1374 4023 Trist.

220 4064 256 4142 3,
277 4065 315 4144 1,
336 4064 388 4126 60.
424 4062 532 4121 Ducor
551 4065 597 4123 ad
613 4066 725 4125 intonsi
738 4062 872 4123 candidu
891 4064 1003 4143 templa
1022 4066 1136 4123 Dei—
1163 4066 1306 4144 (haecque
1318 4066 1379 4121 vc'rc'

220 4166 303 4224 docto
329 4174 439 4223 veteres
463 4186 565 4243 cepere
587 4171 715 4248 novc'que
738 4170 882 4237 Pectore,
909 4168 1030 4225 lecturis
1053 4168 1240 4245 impierenda
1252 4178 1371 4246 patent.

219 4266 431 4347 Calpurnllcl.
449 4264 571 4345 4,158.
598 4271 672 4343 Fer,
695 4268 861 4339 Meliboee,
884 4270 951 4326 Deo
970 4288 1037 4326 mea
1050 4270 1207 4327 carmina:
1230 4290 1305 4328 raam
1319 4268 1376 4328 aba·

219 4370 269 4445 saa
290 4352 342 4428 eat¹
358 4370 456 4427 Sacra
482 4370 624 4429 Palatini
638 4372 807 4449 penetralia
837 4375 930 4428 visere
957 4370 1077 4429 Phoebi.
1126 4369 1197 4431 Eam
1220 4372 1374 4450 respiciunt

219 4468 311 4547 Epist.
329 4472 364 4548 2,
388 4472 426 4548 1,
448 4472 522 4557 21⁶6.
550 4476 587 4552 2,
606 4473 658 4535 94.
689 4474 787 4534 luven.
811 4477 842 4551 7,
868 4474 920 4535 37.
956 4471 1079 4532 Martini.
1105 4472 1161 4551 12,
1188 4474 1224 4547 3,
1248 4477 1279 4537 7.
1306 4475 1371 4539 vet.

221 4570 319 4635 Graec.
339 4574 471 4637 Sentent.
496 4577 541 4637 ed.
565 4574 651 4636 Orell.
671 4576 692 4636 Ι.
718 4597 748 4657 p.
766 4576 837 4641 213.
857 4576 951 4653 696,
976 4575 1031 4635 alii.
1067 4576 1251 4657 Quapropter
1272 4579 1372 4638 mirum
