3450 5334
206 538 251 605 68
335 526 1257 597 comsENTsnufltflossmLm.1.nplsT.snxr.
1317 528 1382 597 335

211 743 308 807 poeno
328 722 403 783 civili
422 720 567 781 officiendi
591 725 691 793 eront;
724 721 762 780 de
789 718 845 778 illis
870 716 985 797 Ulpian.
1010 717 1127 798 Fragm.
1156 722 1215 797 12,
1241 722 1272 787 2.
1315 722 1382 783 Lex

212 828 287 889 ΧΗ
301 825 478 885 tabularum
493 825 648 905 firmum
667 822 797 901 itemquo
813 821 993 902 prodigum,
1011 826 1063 880 orci
1084 822 1169 881 bonis
1190 824 1383 885 interdictum

212 940 277 1001 eet,
296 931 330 987 in
349 930 505 987 curatione
516 923 610 1000 jubet
630 944 692 983 esce
711 936 914 1004 agnatorum
937 926 973 983 cle
996 923 1040 983 his
1063 924 1140 984 Geli.
1163 928 1200 1003 2,
1224 923 1276 992 24.
1316 928 1382 988 Ma.

212 1032 293 1092 crob.
316 1033 380 1091 Sat.
406 1034 445 1106 2,
471 1030 521 1092 13.
547 1033 576 1087 et
600 1028 649 1105 qui
672 1026 737 1087 illos
766 1028 848 1107 leges
877 1034 1032 1087 recensent
1060 1028 1196 1087 Creuzer.
1222 1030 1252 1089 in
1280 1027 1382 1092 Aloriss

214 1137 267 1197 ‹ler
288 1133 391 1197 Roem.
411 1129 510 1209 Antiq.
529 1129 556 1204 §.
573 1131 635 1193 107
656 1135 686 1188 et
701 1132 773 1195 288.
787 1130 941 1191 Weichert.
962 1130 1057 1209 Reliq.
1070 1129 1155 1189 Poet.
1169 1129 1221 1190 let.
1234 1152 1264 1210 p.
1278 1130 1322 1197 47
1336 1154 1382 1213 sq.

213 1232 521 1299 onomast.Tull.111.
543 1252 575 1310 p.
592 1232 656 1296 273
678 1252 743 1311 sqq.
788 1234 925 1294 Ceterum
951 1234 1036 1292 Uarr.
1056 1252 1125 1292 cera
1145 1238 1178 1292 ut
1198 1233 1262 1292 Juv.
1286 1238 1315 1315 1,
1330 1238 1382 1301 63.

211 1360 296 1397 ceros
316 1337 443 1416 implero
464 1354 608 1414 capaces,
642 1335 679 1393 od
704 1354 790 1413 quem
809 1336 867 1397 loc.
888 1337 946 1395 vid.
966 1334 1113 1396 Heinrich.
1136 1342 1166 1396 et
1192 1337 1229 1396 ad
1261 1332 1299 1415 4,
1333 1338 1383 1403 19.

211 1444 249 1503 cf.
273 1442 379 1502 Heind.
402 1443 441 1499 od
462 1440 526 1497 Set.
547 1440 580 1513 2,
602 1436 633 1511 6,
656 1436 709 1501 63.

296 1544 332 1604 V.
352 1542 405 1607 63.
426 1540 479 1605 64.
500 1539 662 1617 remigium
677 1570 722 1585 -
734 1538 885 1619 voluptas.
929 1538 963 1598 ln
983 1536 1026 1597 liis
1047 1539 1134 1618 flor„
1159 1541 1208 1619 qui
1232 1541 1301 1603 nihil
1321 1560 1384 1603 mo·

212 1649 279 1709 litor
304 1648 417 1726 inepte,
456 1662 509 1701 eos
535 1641 673 1717 castigat,
711 1642 759 1718 qui
782 1640 851 1719 gulo
872 1640 958 1699 illecti
978 1659 1026 1699 res
1048 1640 1185 1701 honestas
1208 1652 1386 1726 postponunt

213 1750 339 1822 deliciis;
360 1750 391 1807 in
410 1764 496 1825 quom
517 1762 580 1802 rem
599 1750 813 1821 commemorat,
835 1750 868 1804 ut
888 1749 968 1803 recte
990 1744 1060 1803 vidit
1081 1743 1274 1819 Lambinus,
1294 1747 1385 1809 Ulixis

213 1855 321 1929 socios,
345 1851 393 1929 qui
411 1849 563 1928 proposito
583 1846 723 1923 musragii
742 1846 870 1925 periculo
891 1845 967 1905 Solis
989 1846 1079 1907 boves
1100 1854 1227 1908 mactare
1247 1868 1333 1927 quam
1355 1850 1387 1909 ‘m

212 1956 335 2036 patriam
366 1953 473 2011 reverti
503 1948 680 2021 maluerunt3
718 1948 783 2007 lrinc
812 1948 950 2027 Epithets
979 1949 1140 2010 interdieta
1171 1958 1202 2011 et
1234 1954 1386 2011 acorum

214 2058 300 2121 Hom.
326 2057 385 2116 od.
409 2056 461 2129 11,
489 2049 552 2115 104
573 2068 640 2128 sqq·
666 2052 719 2126 12,
741 2047 806 2113 345
827 2068 894 2127 sqq.
937 2048 1099 2127 Xylander
1117 2058 1213 2113 nutem
1230 2052 1276 2113 hic
1297 2054 1387 2113 lotum

213 2164 357 2239 gustatam
379 2155 512 2233 intelligit
538 2153 594 2210 0d.
610 2150 644 2226 9,
662 2149 706 2214 94
721 2172 799 2229 sqq.,
823 2151 1012 2231 Doen'rzgirtc
1027 2151 1251 2235 Porphyrionem
1271 2162 1387 2216 secutus

214 2261 305 2322 lllixis
328 2260 484 2333 monitum,
527 2272 585 2331 qno
608 2271 647 2311 ne
671 2254 743 2313 socii
771 2254 872 2313 Circes
900 2254 1010 2333 poculis
1039 2266 1070 2319 et
1094 2258 1227 2318 Sirenum
1257 2258 1386 2318 cantibus

215 2384 250 2424 se
270 2365 333 2443 copi
353 2364 531 2441 poterentur,
559 2355 699 2431 cavisset,
741 2374 827 2434 qnam
846 2357 1112 2437 interpretationem
1132 2361 1276 2421 sententia
1299 2358 1387 2419 Lcm-

216 2465 276 2526 bini
288 2464 450 2545 approbato
467 2464 532 2539 jure
553 2455 724 2537 improbavit
735 2458 790 2517 Io.
806 2459 970 2521 lacuscin
984 2462 1111 2522 Seebod.
1126 2458 1278 2539 „Arclriv“
1295 2463 1387 2528 1826.

216 2570 288 2629 tosc.
311 2570 342 2631 1.
364 2571 395 2633 2.
416 2584 447 2642 p.
472 2560 544 2625 155.
588 2562 675 2630 Quod
694 2560 882 2621 Harduc‘rcuc
905 2564 943 2623 de
967 2562 1109 2624 hocloco
1133 2566 1284 2645 proposuit
1309 2582 1388 2623 com·

216 2677 342 2729 mentm
362 2673 442 2727 recte
462 2664 564 2741 rejecit
589 2660 786 2723 Sanadonus.
830 2663 878 2726 De
896 2666 979 2725 simili
1000 2669 1212 2747 comparatione
1234 2669 1271 2726 cs.
1294 2664 1389 2746 Epist.

219 2776 250 2849 1,
274 2774 306 2846 2,
329 2773 382 2836 22.
426 2768 563 2827 Ceterum
582 2765 743 2843 remigium
764 2785 820 2843 pro
848 2770 994 2845 remiges,
1016 2772 1094 2847 cujus
1124 2770 1165 2827 rei
1192 2768 1322 2847 exemplo
1343 2775 1389 2829 at-

217 2872 345 2935 tulerunt
366 2871 496 2929 Gronov.
521 2875 552 2927 et
574 2866 725 2927 Dmkenb.
749 2869 789 2927 ccl
807 2865 873 2927 Liv.
895 2869 948 2944 26,
971 2866 1024 2947 61,
1045 2872 1076 2931 6.
1118 2868 1238 2949 Forbig.
1258 2872 1296 2931 od
1310 2867 1389 2949 Virg.

218 2973 292 3034 Aen.
313 2972 355 3048 8,
380 2968 455 3035 471.
480 2977 510 3030 et
536 2969 660 3048 Rupert.
687 2970 725 3028 ad
745 2968 818 3029 Tsc.
840 2966 916 3027 Arm.
938 2971 976 3046 2,
1006 2969 1065 3047 13,
1094 2972 1124 3037 2.
1167 2972 1279 3032 Eodem
1303 2972 1390 3033 modo

219 3076 416 3155 explicandum
436 3072 527 3152 Soph.
549 3068 595 3148 Aj.
622 3068 695 3138 244.
719 3072 766 3135 ed.
788 3072 888 3131 Herm.
910 3064 989 3134 θοὸν
1013 3072 1142 3155 εἰρεσίας
1159 3069 1249 3156 opio
1268 3093 1327 3134 non
1345 3077 1390 3134 in-

219 3178 341 3239 feliciter
359 3176 426 3235 eoll.
451 3173 508 3233 lroc
531 3172 598 3233 loco
617 3174 843 3235 demonstratum
860 3174 913 3234 ivit
935 3172 1076 3233 Halios
1102 3176 1132 3235 in
1156 3174 1259 3256 Progr.
1289 3175 1391 3237 Alton-

220 3280 305 3360 bnrg.
330 3278 423 3344 1838.
450 3297 481 3356 p.
499 3276 554 3339 36.

308 3382 342 3447 V.
355 3381 397 3445 66
411 3411 455 3423 -
467 3378 520 3441 68.
566 3376 604 3435 Si
623 3378 827 3436 Momm
846 3408 890 3423 -
903 3396 1032 3436 mecum.
1077 3374 1232 3458 „Denique
1254 3396 1392 3439 summum

222 3486 330 3547 bonmn
348 3484 379 3543 in
403 3500 500 3543 amore
521 3485 567 3539 est
585 3486 665 3541 teste
688 3478 894 3540 Mimnermo.“
935 3480 965 3539 ls
987 3482 1062 3541 enim
1084 3480 1214 3561 (Fragm.
1234 3482 1282 3546 cd.
1302 3480 1392 3543 Bach.

220 3611 252 3671 p.
272 3585 357 3667 27.)=
391 3584 443 3659 rto
463 3580 496 3647 δὲ
515 3582 600 3664 βίος,
614 3582 645 3645 cl
666 3578 700 3645 61
722 3577 854 3665 repo-riv
873 3578 945 3666 ὅπερ
965 3582 1095 3667 χρυσέης
1115 3579 1314 3667 Ἀφροδίτης,
1340 3584 1394 3646 Tr·

222 3693 357 3771 θνοίην,
379 3682 431 3752 ὅτε
451 3707 505 3765 μοι
523 3680 631 3765 μηκέτι
652 3687 749 3747 ταῦτα
770 3682 874 3765 μέλοι,
903 3686 1084 3767 Κροπταδίη
1106 3680 1232 3767 potitos·
1254 3685 1308 3750 scol
1330 3682 1395 3765 pel·

223 3796 291 3873 logo
311 3792 396 3873 δόρη
411 3787 466 3852 καὶ
488 3780 575 3868 εὐνή.
619 3787 686 3857 Qm
705 3788 820 3865 quidem
838 3788 868 3847 in
889 3806 922 3848 re
941 3788 1078 3868 plurimos
1098 3787 1241 3850 hominum
1260 3790 1394 3866 antiqno·

225 3910 289 3953 rom
310 3893 492 3953 comensium
514 3897 638 3971 appetet
658 3908 695 3950 ex
718 3887 793 3949 Plct.
814 3888 922 3951 Pleed.
946 3909 976 3971 p·
999 3890 1052 3955 65.
1073 3888 1111 3951 A.
1136 3890 1219 3973 (rbiq.
1240 3890 1344 3951 Stollb.
1362 3888 1394 3950 9.

224 3992 336 4075 pls.)
357 3994 444 4059 dorsi
462 3991 497 4075 yl
519 4016 583 4057 που
601 4024 646 4038 -
666 3996 732 4067 τοῖς
749 3995 874 4069 πολλοῖς
892 3985 1082 4075 οἷνθροὸποις,
1104 3984 1242 4077 ᾤμηδέν
1261 3987 1396 4073 siliceis

226 4090 375 4161 τοιούτων
396 4090 474 4176 μηδὲ
495 4093 608 4177 μετέχει
628 4096 748 4170 αὐτῶν,
782 4087 842 4159 oris
862 4090 950 4172 ἄξιον
971 4088 1051 4159 εἶναι
1071 4098 1144 4177 ζῆν,
1179 4088 1243 4158 ‹lll'
1261 4086 1348 4176 ἐγγύς
1366 4116 1396 4158 τι

224 4198 337 4262 voveo
360 4202 418 4261 cori
436 4193 622 4262 τιθνᾶνοιᾶ
640 4194 737 4280 μηδὲν
759 4199 931 4281 φροντίζων
951 4201 1013 4261 τῶν
1030 4193 1170 4279 ἡδονῶν,
1216 4196 1253 4259 oi'
1269 4191 1321 4259 tui
1339 4196 1397 4259 roci

227 4293 368 4379 σάματος
388 4299 477 4364 εἰσιν.
521 4304 598 4373 Quid
620 4308 717 4362 nutem
742 4302 883 4382 magistri
905 4302 1041 4372 vimus,
1061 4300 1234 4381 philosophi,
1255 4300 1398 4360 senserint

229 4404 267 4462 cle
294 4403 425 4463 venereis
452 4402 642 4484 voluptatibus
665 4404 794 4466 declaret
812 4405 915 4464 Cicero
935 4404 965 4463 in
987 4404 1075 4465 Tosc.
1096 4400 1129 4479 4,
1150 4402 1192 4467 32
1204 4400 1307 4465 -36
1327 4398 1397 4480 ibiq.

227 4502 336 4565 Davies
357 4514 388 4569 et
408 4506 509 4566 Klotz.
543 4506 592 4571 cf.
610 4508 679 4567 ibid.
701 4508 733 4586 5,
752 4507 807 4585 33,
828 4502 872 4568 94
894 4510 924 4567 et
941 4508 1040 4567 annot.
1062 4506 1099 4565 cd
1119 4504 1213 4585 Epist.
1235 4505 1266 4581 1,
1292 4507 1323 4581 2,
1346 4502 1397 4567 66.

228 4607 367 4671 Cotem
389 4628 441 4670 cnr
467 4609 604 4691 princeps
629 4608 679 4672 ille
705 4610 816 4693 elegiae
833 4610 987 4671 amatoriae
1012 4607 1136 4688 scriptor
1159 4604 1230 4688 (rid.
1247 4604 1346 4667 Schol-
1359 4605 1397 4666 cd
