<?xml version="1.0" encoding="UTF-8"?>
<!DOCTYPE html PUBLIC "-//W3C//DTD XHTML 1.0 Transitional//EN"
    "http://www.w3.org/TR/xhtml1/DTD/xhtml1-transitional.dtd">
<html xmlns="http://www.w3.org/1999/xhtml" xml:lang="en" lang="en">
 <head>
  <title>
</title>
<meta http-equiv="Content-Type" content="text/html;charset=utf-8" />
  <meta name='ocr-system' content='tesseract 3.04.00' />
  <meta name='ocr-capabilities' content='ocr_page ocr_carea ocr_par ocr_line ocrx_word'/>
</head>
<body>
  <div class='ocr_page' id='page_1' title='image "./quintihoratiifl01schmgoog_0123.png"; bbox 0 0 3450 5334; ppageno 0'>
   <div class='ocr_carea' id='block_1_1' title="bbox 312 527 1373 592">
    <p class='ocr_par' dir='ltr' id='par_1_1' title="bbox 312 527 1373 592">
     <span class='ocr_line' id='line_1_1' title="bbox 312 527 1373 592; baseline 0.002 -2"><span class='ocrx_word' id='word_1_1' title='bbox 312 531 594 592; x_wconf 77' lang='lat' dir='ltr'><strong>couuuu&#39;runfl</strong></span> <span class='ocrx_word' id='word_1_2' title='bbox 615 533 657 592; x_wconf 80' lang='lat' dir='ltr'><strong>nt</strong></span> <span class='ocrx_word' id='word_1_3' title='bbox 678 533 845 592; x_wconf 64' lang='lat' dir='ltr'><strong>uoltum</strong></span> <span class='ocrx_word' id='word_1_4' title='bbox 866 531 996 592; x_wconf 83' lang='lat' dir='ltr'><strong>EPIST.</strong></span> <span class='ocrx_word' id='word_1_5' title='bbox 1017 534 1125 592; x_wconf 77' lang='lat' dir='ltr'><strong>Pltllli.</strong></span> <span class='ocrx_word' id='word_1_6' title='bbox 1146 535 1222 592; x_wconf 80' lang='lat' dir='ltr'><strong>nm.</strong></span> <span class='ocrx_word' id='word_1_7' title='bbox 1243 535 1268 590; x_wconf 91' lang='lat'><strong>1.</strong></span> <span class='ocrx_word' id='word_1_8' title='bbox 1330 527 1373 592; x_wconf 76' lang='grc'><strong>95</strong></span> 
     </span>
    </p>
   </div>
   <div class='ocr_carea' id='block_1_2' title="bbox 201 673 1376 4681">
    <p class='ocr_par' dir='ltr' id='par_1_2' title="bbox 201 673 1376 4681">
     <span class='ocr_line' id='line_1_2' title="bbox 215 673 1372 762; baseline -0.001 -2"><span class='ocrx_word' id='word_1_9' title='bbox 215 700 323 760; x_wconf 75' lang='lat' dir='ltr'><strong>Octav.</strong></span> <span class='ocrx_word' id='word_1_10' title='bbox 343 701 479 760; x_wconf 76' lang='lat' dir='ltr'><strong><em>Ferrarii</em></strong></span> <span class='ocrx_word' id='word_1_11' title='bbox 499 701 661 762; x_wconf 67' lang='lat' dir='ltr'><strong>dissertm.</strong></span> <span class='ocrx_word' id='word_1_12' title='bbox 677 701 755 762; x_wconf 86' lang='lat' dir='ltr'><strong>duae</strong></span> <span class='ocrx_word' id='word_1_13' title='bbox 768 673 812 746; x_wconf 57' lang='grc' dir='ltr'><strong>-Ῑ</strong></span> <span class='ocrx_word' id='word_1_14' title='bbox 828 721 846 759; x_wconf 89' lang='lat' dir='ltr'><strong>a</strong></span> <span class='ocrx_word' id='word_1_15' title='bbox 860 703 911 762; x_wconf 91' lang='lat' dir='ltr'><strong>Jo.</strong></span> <span class='ocrx_word' id='word_1_16' title='bbox 953 703 1089 762; x_wconf 79' lang='lat' dir='ltr'><strong>Fabricio</strong></span> <span class='ocrx_word' id='word_1_17' title='bbox 1111 701 1220 762; x_wconf 87' lang='lat' dir='ltr'><strong>editae.</strong></span> <span class='ocrx_word' id='word_1_18' title='bbox 1243 703 1372 760; x_wconf 85' lang='lat' dir='ltr'><strong>llelmst.</strong></span> 
     </span>
     <span class='ocr_line' id='line_1_3' title="bbox 213 802 1373 882; baseline -0.004 -16"><span class='ocrx_word' id='word_1_19' title='bbox 213 803 306 866; x_wconf 77' lang='lat'><strong>1720.</strong></span> <span class='ocrx_word' id='word_1_20' title='bbox 318 823 349 882; x_wconf 82' lang='lat' dir='ltr'><strong>p.</strong></span> <span class='ocrx_word' id='word_1_21' title='bbox 365 802 492 877; x_wconf 78' lang='lat'><strong>6—37,</strong></span> <span class='ocrx_word' id='word_1_22' title='bbox 514 804 548 862; x_wconf 89' lang='grc' dir='ltr'><em>Ε</em></span> <span class='ocrx_word' id='word_1_23' title='bbox 572 803 829 864; x_wconf 79' lang='lat' dir='ltr'><strong>Wchellmusen:</strong></span> <span class='ocrx_word' id='word_1_24' title='bbox 852 805 928 864; x_wconf 87' lang='lat' dir='ltr'><strong>iiber</strong></span> <span class='ocrx_word' id='word_1_25' title='bbox 940 803 990 864; x_wconf 86' lang='lat' dir='ltr'><strong>dia</strong></span> <span class='ocrx_word' id='word_1_26' title='bbox 1003 804 1103 864; x_wconf 69' lang='lat' dir='ltr'><strong>asdor</strong></span> <span class='ocrx_word' id='word_1_27' title='bbox 1116 803 1171 864; x_wconf 84' lang='lat' dir='ltr'><strong>des</strong></span> <span class='ocrx_word' id='word_1_28' title='bbox 1184 802 1373 864; x_wconf 83' lang='lat' dir='ltr'><strong>Alterthums</strong></span> 
     </span>
     <span class='ocr_line' id='line_1_4' title="bbox 211 901 1372 988; baseline 0.002 -26"><span class='ocrx_word' id='word_1_29' title='bbox 211 915 269 962; x_wconf 89' lang='lat' dir='ltr'><strong>etc.</strong></span> <span class='ocrx_word' id='word_1_30' title='bbox 286 901 391 965; x_wconf 83' lang='lat' dir='ltr'><strong>llanh.</strong></span> <span class='ocrx_word' id='word_1_31' title='bbox 407 926 439 963; x_wconf 90' lang='lat' dir='ltr'><strong>u.</strong></span> <span class='ocrx_word' id='word_1_32' title='bbox 452 903 594 965; x_wconf 84' lang='lat' dir='ltr'><strong>Heidelb·</strong></span> <span class='ocrx_word' id='word_1_33' title='bbox 608 907 702 970; x_wconf 84' lang='lat'><strong>1807.</strong></span> <span class='ocrx_word' id='word_1_34' title='bbox 716 927 747 986; x_wconf 86' lang='lat' dir='ltr'><strong>p·</strong></span> <span class='ocrx_word' id='word_1_35' title='bbox 768 905 810 970; x_wconf 87' lang='lat'><strong>14</strong></span> <span class='ocrx_word' id='word_1_36' title='bbox 824 926 909 988; x_wconf 61' lang='lat' dir='ltr'><strong>sqq„</strong></span> <span class='ocrx_word' id='word_1_37' title='bbox 934 907 1086 966; x_wconf 85' lang='lat' dir='ltr'><strong>Wiirtem.</strong></span> <span class='ocrx_word' id='word_1_38' title='bbox 1103 907 1142 966; x_wconf 87' lang='lat' dir='ltr'><strong>ad</strong></span> <span class='ocrx_word' id='word_1_39' title='bbox 1169 909 1299 983; x_wconf 86' lang='lat' dir='ltr'><strong>„Palast</strong></span> <span class='ocrx_word' id='word_1_40' title='bbox 1319 906 1372 964; x_wconf 87' lang='lat' dir='ltr'><strong>dea</strong></span> 
     </span>
     <span class='ocr_line' id='line_1_5' title="bbox 211 1007 1371 1090; baseline -0.003 -20"><span class='ocrx_word' id='word_1_41' title='bbox 211 1007 345 1066; x_wconf 72' lang='lat' dir='ltr'><strong>Seaur·“</strong></span> <span class='ocrx_word' id='word_1_42' title='bbox 366 1027 398 1087; x_wconf 84' lang='lat' dir='ltr'><strong>p·</strong></span> <span class='ocrx_word' id='word_1_43' title='bbox 423 1009 603 1071; x_wconf 78' lang='lat'><strong>199—228.</strong></span> <span class='ocrx_word' id='word_1_44' title='bbox 645 1011 809 1068; x_wconf 70' lang='lat' dir='ltr'>Historiam</span> <span class='ocrx_word' id='word_1_45' title='bbox 830 1009 1009 1068; x_wconf 89' lang='lat' dir='ltr'><strong>balneorum</strong></span> <span class='ocrx_word' id='word_1_46' title='bbox 1041 1021 1177 1067; x_wconf 88' lang='lat' dir='ltr'><strong>accurate</strong></span> <span class='ocrx_word' id='word_1_47' title='bbox 1198 1019 1371 1090; x_wconf 83' lang='lat' dir='ltr'><strong>persecutus</strong></span> 
     </span>
     <span class='ocr_line' id='line_1_6' title="bbox 210 1108 1371 1190; baseline 0.002 -24"><span class='ocrx_word' id='word_1_48' title='bbox 210 1119 257 1168; x_wconf 85' lang='lat' dir='ltr'><strong>est</strong></span> <span class='ocrx_word' id='word_1_49' title='bbox 277 1109 390 1168; x_wconf 78' lang='lat' dir='ltr'><strong>Sarius</strong></span> <span class='ocrx_word' id='word_1_50' title='bbox 407 1111 458 1166; x_wconf 85' lang='lat' dir='ltr'><strong>iu:</strong></span> <span class='ocrx_word' id='word_1_51' title='bbox 494 1153 513 1186; x_wconf 93' lang='lat'>„</span> <span class='ocrx_word' id='word_1_52' title='bbox 524 1108 634 1170; x_wconf 83' lang='lat' dir='ltr'><strong>Gesch.</strong></span> <span class='ocrx_word' id='word_1_53' title='bbox 650 1131 681 1170; x_wconf 92' lang='lat' dir='ltr'><strong>u.</strong></span> <span class='ocrx_word' id='word_1_54' title='bbox 696 1109 924 1190; x_wconf 84' lang='lat' dir='ltr'><strong>Beschrcibung</strong></span> <span class='ocrx_word' id='word_1_55' title='bbox 937 1109 992 1170; x_wconf 91' lang='lat' dir='ltr'><strong>der</strong></span> <span class='ocrx_word' id='word_1_56' title='bbox 1005 1113 1086 1170; x_wconf 86' lang='lat' dir='ltr'><strong>alten</strong></span> <span class='ocrx_word' id='word_1_57' title='bbox 1100 1112 1188 1172; x_wconf 88' lang='lat' dir='ltr'><strong>Stadt</strong></span> <span class='ocrx_word' id='word_1_58' title='bbox 1201 1117 1289 1172; x_wconf 83' lang='lat' dir='ltr'><strong>Rom.</strong></span> <span class='ocrx_word' id='word_1_59' title='bbox 1297 1114 1316 1146; x_wconf 90' lang='lat'><strong>“</strong></span> <span class='ocrx_word' id='word_1_60' title='bbox 1332 1113 1371 1170; x_wconf 94' lang='lat' dir='ltr'><strong>ll.</strong></span> 
     </span>
     <span class='ocr_line' id='line_1_7' title="bbox 212 1212 1373 1295; baseline -0.003 -21"><span class='ocrx_word' id='word_1_61' title='bbox 212 1231 243 1290; x_wconf 84' lang='lat' dir='ltr'><strong>p·</strong></span> <span class='ocrx_word' id='word_1_62' title='bbox 260 1212 322 1275; x_wconf 74' lang='lat'><strong>296</strong></span> <span class='ocrx_word' id='word_1_63' title='bbox 338 1230 406 1292; x_wconf 89' lang='lat' dir='ltr'><strong>sqq.</strong></span> <span class='ocrx_word' id='word_1_64' title='bbox 422 1222 452 1269; x_wconf 91' lang='lat' dir='ltr'><strong>et</strong></span> <span class='ocrx_word' id='word_1_65' title='bbox 470 1231 548 1293; x_wconf 89' lang='lat' dir='ltr'><strong>quae</strong></span> <span class='ocrx_word' id='word_1_66' title='bbox 564 1215 596 1272; x_wconf 88' lang='lat' dir='ltr'><strong>in</strong></span> <span class='ocrx_word' id='word_1_67' title='bbox 614 1215 737 1274; x_wconf 76' lang='lat' dir='ltr'>urbibus</span> <span class='ocrx_word' id='word_1_68' title='bbox 757 1234 859 1273; x_wconf 84' lang='lat' dir='ltr'><strong>massa</strong></span> <span class='ocrx_word' id='word_1_69' title='bbox 876 1214 994 1274; x_wconf 88' lang='lat' dir='ltr'><strong>ardenti</strong></span> <span class='ocrx_word' id='word_1_70' title='bbox 1014 1216 1128 1274; x_wconf 84' lang='lat' dir='ltr'><strong>obrutis</strong></span> <span class='ocrx_word' id='word_1_71' title='bbox 1144 1235 1242 1295; x_wconf 84' lang='lat' dir='ltr'>nuper</span> <span class='ocrx_word' id='word_1_72' title='bbox 1255 1224 1373 1295; x_wconf 89' lang='lat' dir='ltr'><strong>reperta</strong></span> 
     </span>
     <span class='ocr_line' id='line_1_8' title="bbox 213 1307 1371 1397; baseline 0.002 -26"><span class='ocrx_word' id='word_1_73' title='bbox 213 1325 298 1390; x_wconf 82' lang='lat' dir='ltr'><strong>sunt,</strong></span> <span class='ocrx_word' id='word_1_74' title='bbox 319 1307 530 1374; x_wconf 85' lang='lat' dir='ltr'><strong>describuntur</strong></span> <span class='ocrx_word' id='word_1_75' title='bbox 547 1317 594 1372; x_wconf 85' lang='lat' dir='ltr'><strong>in:</strong></span> <span class='ocrx_word' id='word_1_76' title='bbox 618 1317 824 1394; x_wconf 87' lang='lat' dir='ltr'><strong>„Pompeji.“</strong></span> <span class='ocrx_word' id='word_1_77' title='bbox 850 1319 935 1396; x_wconf 85' lang='lat' dir='ltr'><strong>Lips.</strong></span> <span class='ocrx_word' id='word_1_78' title='bbox 954 1337 1003 1397; x_wconf 90' lang='lat' dir='ltr'><strong>ap.</strong></span> <span class='ocrx_word' id='word_1_79' title='bbox 1018 1320 1213 1396; x_wconf 78' lang='lat' dir='ltr'><strong>Baumgitrtn.</strong></span> <span class='ocrx_word' id='word_1_80' title='bbox 1232 1313 1326 1380; x_wconf 75' lang='lat'><strong>1831.</strong></span> <span class='ocrx_word' id='word_1_81' title='bbox 1346 1319 1371 1374; x_wconf 90' lang='lat' dir='ltr'><strong>l.</strong></span> 
     </span>
     <span class='ocr_line' id='line_1_9' title="bbox 212 1415 1376 1500; baseline -0.005 -19"><span class='ocrx_word' id='word_1_82' title='bbox 212 1439 243 1498; x_wconf 87' lang='lat' dir='ltr'><strong>p·</strong></span> <span class='ocrx_word' id='word_1_83' title='bbox 271 1415 331 1481; x_wconf 82' lang='lat'><strong>141</strong></span> <span class='ocrx_word' id='word_1_84' title='bbox 350 1438 418 1500; x_wconf 85' lang='lat' dir='ltr'><strong>sqq.</strong></span> <span class='ocrx_word' id='word_1_85' title='bbox 442 1417 620 1481; x_wconf 85' lang='grc'><strong>179-188.</strong></span> <span class='ocrx_word' id='word_1_86' title='bbox 653 1419 725 1496; x_wconf 91' lang='lat' dir='ltr'><strong>[W.</strong></span> <span class='ocrx_word' id='word_1_87' title='bbox 749 1420 835 1494; x_wconf 81' lang='lat' dir='ltr'><strong>Gell,</strong></span> <span class='ocrx_word' id='word_1_88' title='bbox 860 1422 1048 1500; x_wconf 86' lang='lat' dir='ltr'><strong>Pompeiana</strong></span> <span class='ocrx_word' id='word_1_89' title='bbox 1070 1431 1127 1478; x_wconf 88' lang='lat' dir='ltr'><strong>ete.</strong></span> <span class='ocrx_word' id='word_1_90' title='bbox 1149 1417 1202 1478; x_wconf 85' lang='lat' dir='ltr'><strong>tbe</strong></span> <span class='ocrx_word' id='word_1_91' title='bbox 1222 1421 1318 1478; x_wconf 80' lang='lat' dir='ltr'>result</span> <span class='ocrx_word' id='word_1_92' title='bbox 1340 1418 1376 1478; x_wconf 83' lang='lat' dir='ltr'><strong>ol</strong></span> 
     </span>
     <span class='ocr_line' id='line_1_10' title="bbox 213 1518 1371 1603; baseline 0.002 -25"><span class='ocrx_word' id='word_1_93' title='bbox 213 1539 318 1578; x_wconf 76' lang='lat' dir='ltr'><strong>excat.</strong></span> <span class='ocrx_word' id='word_1_94' title='bbox 329 1523 412 1580; x_wconf 85' lang='lat' dir='ltr'><strong>since</strong></span> <span class='ocrx_word' id='word_1_95' title='bbox 427 1521 520 1584; x_wconf 92' lang='grc'><strong>1819.</strong></span> <span class='ocrx_word' id='word_1_96' title='bbox 539 1518 636 1578; x_wconf 84' lang='grc' dir='ltr'><strong>Ι.οιιι1.</strong></span> <span class='ocrx_word' id='word_1_97' title='bbox 648 1519 741 1584; x_wconf 86' lang='lat'><strong>1835.</strong></span> <span class='ocrx_word' id='word_1_98' title='bbox 764 1523 873 1582; x_wconf 85' lang='lat' dir='ltr'><strong>v01.1.</strong></span> <span class='ocrx_word' id='word_1_99' title='bbox 890 1520 979 1603; x_wconf 89' lang='lat' dir='ltr'><strong>cbap.</strong></span> <span class='ocrx_word' id='word_1_100' title='bbox 989 1525 1041 1582; x_wconf 87' lang='lat' dir='ltr'><strong>Vl.</strong></span> <span class='ocrx_word' id='word_1_101' title='bbox 1055 1525 1119 1582; x_wconf 89' lang='lat' dir='ltr'><strong>Vll.</strong></span> <span class='ocrx_word' id='word_1_102' title='bbox 1138 1523 1215 1596; x_wconf 84' lang='lat' dir='ltr'><strong>llirt,</strong></span> <span class='ocrx_word' id='word_1_103' title='bbox 1225 1519 1371 1580; x_wconf 86' lang='lat' dir='ltr'><strong>Gesch.d.</strong></span> 
     </span>
     <span class='ocr_line' id='line_1_11' title="bbox 211 1619 1370 1704; baseline 0.005 -24"><span class='ocrx_word' id='word_1_104' title='bbox 211 1619 309 1680; x_wconf 88' lang='lat' dir='ltr'><strong>Bauk.</strong></span> <span class='ocrx_word' id='word_1_105' title='bbox 317 1625 370 1682; x_wconf 87' lang='lat'><strong>111.</strong></span> <span class='ocrx_word' id='word_1_106' title='bbox 385 1621 558 1682; x_wconf 72' lang='lat' dir='ltr'><strong>ubscuvl.</strong></span> <span class='ocrx_word' id='word_1_107' title='bbox 571 1621 835 1702; x_wconf 82' lang='lat' dir='ltr'><strong>Bk.]-tonsores,</strong></span> <span class='ocrx_word' id='word_1_108' title='bbox 850 1624 1016 1685; x_wconf 83' lang='lat' dir='ltr'><strong>dehisvid.</strong></span> <span class='ocrx_word' id='word_1_109' title='bbox 1031 1624 1167 1683; x_wconf 77' lang='lat' dir='ltr'><strong>Solsmr‘d.</strong></span> <span class='ocrx_word' id='word_1_110' title='bbox 1186 1624 1225 1683; x_wconf 90' lang='lat' dir='ltr'><strong>ad</strong></span> <span class='ocrx_word' id='word_1_111' title='bbox 1232 1627 1330 1704; x_wconf 85' lang='lat' dir='ltr'><strong>Epist.</strong></span> <span class='ocrx_word' id='word_1_112' title='bbox 1339 1626 1370 1694; x_wconf 84' lang='lat'><strong>7,</strong></span> 
     </span>
     <span class='ocr_line' id='line_1_12' title="bbox 212 1723 1371 1808; baseline -0.006 -20"><span class='ocrx_word' id='word_1_113' title='bbox 212 1725 262 1788; x_wconf 81' lang='lat'><strong>50.</strong></span> <span class='ocrx_word' id='word_1_114' title='bbox 285 1736 315 1784; x_wconf 88' lang='lat' dir='ltr'><strong>et</strong></span> <span class='ocrx_word' id='word_1_115' title='bbox 332 1726 426 1786; x_wconf 80' lang='lat' dir='ltr'><strong>Both.</strong></span> <span class='ocrx_word' id='word_1_116' title='bbox 452 1723 491 1782; x_wconf 90' lang='lat' dir='ltr'><strong>ad</strong></span> <span class='ocrx_word' id='word_1_117' title='bbox 514 1726 606 1782; x_wconf 84' lang='lat' dir='ltr'><strong>Feam</strong></span> <span class='ocrx_word' id='word_1_118' title='bbox 620 1747 652 1806; x_wconf 92' lang='lat' dir='ltr'><strong>p.</strong></span> <span class='ocrx_word' id='word_1_119' title='bbox 673 1728 744 1790; x_wconf 92' lang='grc'><strong>170.</strong></span> <span class='ocrx_word' id='word_1_120' title='bbox 789 1729 836 1786; x_wconf 81' lang='lat' dir='ltr'><strong>Gi.</strong></span> <span class='ocrx_word' id='word_1_121' title='bbox 857 1729 976 1808; x_wconf 79' lang='lat' dir='ltr'><strong>Bittig.</strong></span> <span class='ocrx_word' id='word_1_122' title='bbox 994 1730 1108 1788; x_wconf 87' lang='lat' dir='ltr'><strong>Sabina</strong></span> <span class='ocrx_word' id='word_1_123' title='bbox 1127 1748 1158 1807; x_wconf 89' lang='lat' dir='ltr'><strong>p.</strong></span> <span class='ocrx_word' id='word_1_124' title='bbox 1173 1728 1237 1790; x_wconf 88' lang='grc'><strong>333</strong></span> <span class='ocrx_word' id='word_1_125' title='bbox 1254 1745 1322 1807; x_wconf 89' lang='lat' dir='ltr'><strong>sqq.</strong></span> <span class='ocrx_word' id='word_1_126' title='bbox 1341 1734 1371 1782; x_wconf 87' lang='lat' dir='ltr'><strong>et</strong></span> 
     </span>
     <span class='ocr_line' id='line_1_13' title="bbox 211 1825 1371 1907; baseline -0.001 -22"><span class='ocrx_word' id='word_1_127' title='bbox 211 1827 341 1907; x_wconf 75' lang='lat' dir='ltr'><strong>interpp.</strong></span> <span class='ocrx_word' id='word_1_128' title='bbox 359 1825 399 1886; x_wconf 92' lang='lat' dir='ltr'><strong>ad</strong></span> <span class='ocrx_word' id='word_1_129' title='bbox 414 1830 534 1887; x_wconf 83' lang='lat' dir='ltr'><strong>Petron.</strong></span> <span class='ocrx_word' id='word_1_130' title='bbox 550 1829 603 1891; x_wconf 87' lang='grc'><strong>78.</strong></span> <span class='ocrx_word' id='word_1_131' title='bbox 622 1827 670 1886; x_wconf 87' lang='lat' dir='ltr'><strong>ed.</strong></span> <span class='ocrx_word' id='word_1_132' title='bbox 687 1830 798 1889; x_wconf 82' lang='lat' dir='ltr'><strong>Burm.</strong></span> <span class='ocrx_word' id='word_1_133' title='bbox 819 1869 856 1878; x_wconf 97' lang='lat'><strong>—</strong></span> <span class='ocrx_word' id='word_1_134' title='bbox 871 1832 1016 1890; x_wconf 80' lang='lat' dir='ltr'><strong>conducto</strong></span> <span class='ocrx_word' id='word_1_135' title='bbox 1034 1867 1071 1878; x_wconf 85' lang='lat'><em>-</em></span> <span class='ocrx_word' id='word_1_136' title='bbox 1088 1831 1225 1888; x_wconf 76' lang='lat' dir='ltr'><em>triremis.</em></span> <span class='ocrx_word' id='word_1_137' title='bbox 1253 1831 1319 1904; x_wconf 84' lang='lat' dir='ltr'><strong>Hoc</strong></span> <span class='ocrx_word' id='word_1_138' title='bbox 1332 1826 1371 1884; x_wconf 88' lang='lat' dir='ltr'><strong>de</strong></span> 
     </span>
     <span class='ocr_line' id='line_1_14' title="bbox 211 1929 1372 2009; baseline 0.001 -22"><span class='ocrx_word' id='word_1_139' title='bbox 211 1931 284 2008; x_wconf 84' lang='lat' dir='ltr'><strong>ipsis</strong></span> <span class='ocrx_word' id='word_1_140' title='bbox 298 1929 357 1988; x_wconf 88' lang='lat' dir='ltr'><strong>dici</strong></span> <span class='ocrx_word' id='word_1_141' title='bbox 367 1931 610 2009; x_wconf 75' lang='lat' dir='ltr'><strong>navigationibus</strong></span> <span class='ocrx_word' id='word_1_142' title='bbox 622 1933 716 1990; x_wconf 88' lang='lat' dir='ltr'><strong>animi</strong></span> <span class='ocrx_word' id='word_1_143' title='bbox 730 1953 820 1992; x_wconf 87' lang='lat' dir='ltr'><strong>causa</strong></span> <span class='ocrx_word' id='word_1_144' title='bbox 831 1934 929 2008; x_wconf 84' lang='lat' dir='ltr'><strong>iactis,</strong></span> <span class='ocrx_word' id='word_1_145' title='bbox 944 1931 1051 1991; x_wconf 81' lang='lat' dir='ltr'><strong>suadet</strong></span> <span class='ocrx_word' id='word_1_146' title='bbox 1062 1942 1144 1990; x_wconf 87' lang='lat' dir='ltr'><strong>totus</strong></span> <span class='ocrx_word' id='word_1_147' title='bbox 1155 1933 1372 1990; x_wconf 84' lang='lat' dir='ltr'><strong>sententiarum</strong></span> 
     </span>
     <span class='ocr_line' id='line_1_15' title="bbox 210 2031 1371 2111; baseline 0 -21"><span class='ocrx_word' id='word_1_148' title='bbox 210 2051 318 2110; x_wconf 76' lang='lat' dir='ltr'><strong>nexta,</strong></span> <span class='ocrx_word' id='word_1_149' title='bbox 340 2031 449 2092; x_wconf 83' lang='lat' dir='ltr'><strong>docent</strong></span> <span class='ocrx_word' id='word_1_150' title='bbox 461 2053 508 2092; x_wconf 84' lang='lat' dir='ltr'><strong>res</strong></span> <span class='ocrx_word' id='word_1_151' title='bbox 522 2035 601 2092; x_wconf 87' lang='lat' dir='ltr'><strong>inter</strong></span> <span class='ocrx_word' id='word_1_152' title='bbox 614 2054 646 2092; x_wconf 87' lang='lat' dir='ltr'><strong>se</strong></span> <span class='ocrx_word' id='word_1_153' title='bbox 662 2037 828 2093; x_wconf 87' lang='lat' dir='ltr'><strong>contrariae</strong></span> <span class='ocrx_word' id='word_1_154' title='bbox 839 2036 927 2093; x_wconf 83' lang='lat' dir='ltr'><strong>cond.</strong></span> <span class='ocrx_word' id='word_1_155' title='bbox 943 2055 1016 2092; x_wconf 78' lang='lat' dir='ltr'><strong>nav.</strong></span> <span class='ocrx_word' id='word_1_156' title='bbox 1032 2044 1062 2091; x_wconf 90' lang='lat' dir='ltr'><strong>et</strong></span> <span class='ocrx_word' id='word_1_157' title='bbox 1070 2037 1152 2111; x_wconf 81' lang='lat' dir='ltr'><strong>priv.</strong></span> <span class='ocrx_word' id='word_1_158' title='bbox 1168 2036 1250 2102; x_wconf 70' lang='lat' dir='ltr'><strong>triu,</strong></span> <span class='ocrx_word' id='word_1_159' title='bbox 1263 2032 1371 2110; x_wconf 90' lang='lat' dir='ltr'><strong>probat</strong></span> 
     </span>
     <span class='ocr_line' id='line_1_16' title="bbox 211 2132 1372 2215; baseline -0.002 -23"><span class='ocrx_word' id='word_1_160' title='bbox 211 2133 342 2215; x_wconf 85' lang='lat' dir='ltr'><strong>denique</strong></span> <span class='ocrx_word' id='word_1_161' title='bbox 357 2139 458 2196; x_wconf 87' lang='lat' dir='ltr'><strong>omnis</strong></span> <span class='ocrx_word' id='word_1_162' title='bbox 474 2137 611 2194; x_wconf 88' lang='lat' dir='ltr'><strong>omnium</strong></span> <span class='ocrx_word' id='word_1_163' title='bbox 624 2137 806 2215; x_wconf 91' lang='lat' dir='ltr'><strong>populorum</strong></span> <span class='ocrx_word' id='word_1_164' title='bbox 824 2139 916 2196; x_wconf 90' lang='lat' dir='ltr'><strong>maris</strong></span> <span class='ocrx_word' id='word_1_165' title='bbox 929 2139 1099 2198; x_wconf 88' lang='lat' dir='ltr'><strong>accolarum</strong></span> <span class='ocrx_word' id='word_1_166' title='bbox 1119 2132 1319 2207; x_wconf 78' lang='lat' dir='ltr'><strong>consuetudo,</strong></span> <span class='ocrx_word' id='word_1_167' title='bbox 1336 2143 1372 2191; x_wconf 92' lang='lat' dir='ltr'><strong>ut</strong></span> 
     </span>
     <span class='ocr_line' id='line_1_17' title="bbox 210 2233 1370 2316; baseline 0.003 -22"><span class='ocrx_word' id='word_1_168' title='bbox 210 2239 344 2313; x_wconf 86' lang='lat' dir='ltr'><strong>mireris,</strong></span> <span class='ocrx_word' id='word_1_169' title='bbox 365 2237 591 2316; x_wconf 81' lang='lat' dir='ltr'><strong>Elberiingium</strong></span> <span class='ocrx_word' id='word_1_170' title='bbox 608 2242 641 2296; x_wconf 90' lang='lat' dir='ltr'><strong>in</strong></span> <span class='ocrx_word' id='word_1_171' title='bbox 656 2237 798 2298; x_wconf 87' lang='lat' dir='ltr'><strong>Seebodii</strong></span> <span class='ocrx_word' id='word_1_172' title='bbox 815 2242 851 2298; x_wconf 91' lang='lat' dir='ltr'><strong>N.</strong></span> <span class='ocrx_word' id='word_1_173' title='bbox 866 2237 990 2302; x_wconf 79' lang='lat' dir='ltr'><strong>Archiv.</strong></span> <span class='ocrx_word' id='word_1_174' title='bbox 1007 2239 1099 2302; x_wconf 82' lang='lat'><strong>1830.</strong></span> <span class='ocrx_word' id='word_1_175' title='bbox 1124 2241 1162 2296; x_wconf 90' lang='lat' dir='ltr'><strong>N.</strong></span> <span class='ocrx_word' id='word_1_176' title='bbox 1185 2233 1238 2299; x_wconf 79' lang='lat'><strong>34·</strong></span> <span class='ocrx_word' id='word_1_177' title='bbox 1258 2257 1289 2315; x_wconf 88' lang='lat' dir='ltr'><strong>p·</strong></span> <span class='ocrx_word' id='word_1_178' title='bbox 1306 2235 1370 2298; x_wconf 80' lang='lat'><strong>266</strong></span> 
     </span>
     <span class='ocr_line' id='line_1_18' title="bbox 209 2337 1370 2421; baseline -0.005 -21"><span class='ocrx_word' id='word_1_179' title='bbox 209 2358 277 2420; x_wconf 84' lang='lat' dir='ltr'><strong>sqq.</strong></span> <span class='ocrx_word' id='word_1_180' title='bbox 301 2351 368 2398; x_wconf 89' lang='lat' dir='ltr'><strong>tum</strong></span> <span class='ocrx_word' id='word_1_181' title='bbox 381 2339 419 2398; x_wconf 93' lang='lat' dir='ltr'><strong>de</strong></span> <span class='ocrx_word' id='word_1_182' title='bbox 431 2340 601 2398; x_wconf 81' lang='lat' dir='ltr'><strong>triremibus</strong></span> <span class='ocrx_word' id='word_1_183' title='bbox 616 2343 802 2420; x_wconf 80' lang='lat' dir='ltr'><strong>privatorum</strong></span> <span class='ocrx_word' id='word_1_184' title='bbox 815 2340 977 2400; x_wconf 89' lang='lat' dir='ltr'><strong>hominum</strong></span> <span class='ocrx_word' id='word_1_185' title='bbox 987 2342 1133 2421; x_wconf 89' lang='lat' dir='ltr'><strong>propriis,</strong></span> <span class='ocrx_word' id='word_1_186' title='bbox 1150 2349 1216 2397; x_wconf 91' lang='lat' dir='ltr'><strong>tum</strong></span> <span class='ocrx_word' id='word_1_187' title='bbox 1229 2337 1267 2396; x_wconf 93' lang='lat' dir='ltr'><strong>de</strong></span> <span class='ocrx_word' id='word_1_188' title='bbox 1281 2339 1370 2395; x_wconf 85' lang='lat' dir='ltr'><strong>navi-</strong></span> 
     </span>
     <span class='ocr_line' id='line_1_19' title="bbox 210 2439 1370 2524; baseline -0.003 -24"><span class='ocrx_word' id='word_1_189' title='bbox 210 2443 380 2522; x_wconf 85' lang='lat' dir='ltr'><strong>gationibus</strong></span> <span class='ocrx_word' id='word_1_190' title='bbox 397 2444 492 2502; x_wconf 89' lang='lat' dir='ltr'><strong>animi</strong></span> <span class='ocrx_word' id='word_1_191' title='bbox 506 2461 596 2500; x_wconf 87' lang='lat' dir='ltr'><strong>causa</strong></span> <span class='ocrx_word' id='word_1_192' title='bbox 609 2464 626 2502; x_wconf 87' lang='lat' dir='ltr'><strong>a</strong></span> <span class='ocrx_word' id='word_1_193' title='bbox 641 2445 733 2522; x_wconf 72' lang='lat' dir='ltr'><strong>vulgo</strong></span> <span class='ocrx_word' id='word_1_194' title='bbox 749 2445 896 2524; x_wconf 83' lang='lat' dir='ltr'><strong>susceptis</strong></span> <span class='ocrx_word' id='word_1_195' title='bbox 905 2444 1093 2503; x_wconf 85' lang='lat' dir='ltr'><strong>dubitantem</strong></span> <span class='ocrx_word' id='word_1_196' title='bbox 1108 2440 1247 2501; x_wconf 86' lang='lat' dir='ltr'><strong>hicnihil</strong></span> <span class='ocrx_word' id='word_1_197' title='bbox 1257 2439 1370 2498; x_wconf 81' lang='lat' dir='ltr'><strong>vidisse</strong></span> 
     </span>
     <span class='ocr_line' id='line_1_20' title="bbox 209 2543 1370 2626; baseline -0.002 -24"><span class='ocrx_word' id='word_1_198' title='bbox 209 2547 268 2604; x_wconf 84' lang='lat' dir='ltr'><strong>nisi</strong></span> <span class='ocrx_word' id='word_1_199' title='bbox 280 2543 434 2625; x_wconf 86' lang='lat' dir='ltr'><strong>quandam</strong></span> <span class='ocrx_word' id='word_1_200' title='bbox 449 2547 667 2604; x_wconf 75' lang='lat' dir='ltr'><strong>inconstantiae</strong></span> <span class='ocrx_word' id='word_1_201' title='bbox 681 2549 846 2625; x_wconf 85' lang='lat' dir='ltr'><strong>imaginem</strong></span> <span class='ocrx_word' id='word_1_202' title='bbox 863 2567 882 2604; x_wconf 87' lang='lat' dir='ltr'><strong>a</strong></span> <span class='ocrx_word' id='word_1_203' title='bbox 896 2550 1098 2626; x_wconf 84' lang='lat' dir='ltr'><strong>navigatione,</strong></span> <span class='ocrx_word' id='word_1_204' title='bbox 1116 2547 1166 2604; x_wconf 92' lang='lat' dir='ltr'><strong>cui</strong></span> <span class='ocrx_word' id='word_1_205' title='bbox 1178 2547 1319 2604; x_wconf 82' lang='lat' dir='ltr'><strong>Horatius</strong></span> <span class='ocrx_word' id='word_1_206' title='bbox 1335 2553 1370 2602; x_wconf 89' lang='lat' dir='ltr'><strong>ut</strong></span> 
     </span>
     <span class='ocr_line' id='line_1_21' title="bbox 209 2648 1369 2730; baseline 0 -24"><span class='ocrx_word' id='word_1_207' title='bbox 209 2649 306 2728; x_wconf 85' lang='lat' dir='ltr'><strong>Epist.</strong></span> <span class='ocrx_word' id='word_1_208' title='bbox 322 2651 359 2723; x_wconf 82' lang='lat'><strong>2,</strong></span> <span class='ocrx_word' id='word_1_209' title='bbox 380 2649 416 2721; x_wconf 84' lang='lat'><strong>2,</strong></span> <span class='ocrx_word' id='word_1_210' title='bbox 437 2649 499 2709; x_wconf 84' lang='lat'><strong>199</strong></span> <span class='ocrx_word' id='word_1_211' title='bbox 510 2664 577 2726; x_wconf 82' lang='lat' dir='ltr'><strong>sqq.</strong></span> <span class='ocrx_word' id='word_1_212' title='bbox 598 2650 693 2708; x_wconf 80' lang='lat' dir='ltr'><strong>vitam</strong></span> <span class='ocrx_word' id='word_1_213' title='bbox 712 2648 879 2709; x_wconf 87' lang='lat' dir='ltr'><strong>humanam</strong></span> <span class='ocrx_word' id='word_1_214' title='bbox 893 2669 1065 2730; x_wconf 82' lang='lat' dir='ltr'><strong>comparare</strong></span> <span class='ocrx_word' id='word_1_215' title='bbox 1078 2649 1204 2722; x_wconf 84' lang='lat' dir='ltr'><strong>soleret,</strong></span> <span class='ocrx_word' id='word_1_216' title='bbox 1232 2649 1369 2727; x_wconf 87' lang='lat' dir='ltr'><strong>petitam.</strong></span> 
     </span>
     <span class='ocr_line' id='line_1_22' title="bbox 209 2747 1369 2831; baseline -0.003 -21"><span class='ocrx_word' id='word_1_217' title='bbox 209 2753 250 2810; x_wconf 86' lang='lat' dir='ltr'><strong>Ut</strong></span> <span class='ocrx_word' id='word_1_218' title='bbox 265 2748 382 2825; x_wconf 86' lang='lat' dir='ltr'><strong>demus,</strong></span> <span class='ocrx_word' id='word_1_219' title='bbox 400 2751 473 2808; x_wconf 90' lang='lat' dir='ltr'><strong>certi</strong></span> <span class='ocrx_word' id='word_1_220' title='bbox 488 2747 562 2829; x_wconf 89' lang='lat' dir='ltr'><strong>quid</strong></span> <span class='ocrx_word' id='word_1_221' title='bbox 578 2769 618 2808; x_wconf 87' lang='lat' dir='ltr'><strong>ex</strong></span> <span class='ocrx_word' id='word_1_222' title='bbox 630 2750 697 2810; x_wconf 92' lang='lat' dir='ltr'><strong>loco</strong></span> <span class='ocrx_word' id='word_1_223' title='bbox 713 2752 854 2812; x_wconf 87' lang='lat' dir='ltr'><strong>Plautino</strong></span> <span class='ocrx_word' id='word_1_224' title='bbox 869 2751 946 2811; x_wconf 85' lang='lat' dir='ltr'><strong>llud</strong></span> <span class='ocrx_word' id='word_1_225' title='bbox 959 2750 989 2827; x_wconf 80' lang='lat'><strong>4,</strong></span> <span class='ocrx_word' id='word_1_226' title='bbox 1001 2755 1032 2826; x_wconf 76' lang='lat'><strong>2,</strong></span> <span class='ocrx_word' id='word_1_227' title='bbox 1045 2754 1087 2814; x_wconf 83' lang='lat'><strong>27</strong></span> <span class='ocrx_word' id='word_1_228' title='bbox 1102 2769 1170 2831; x_wconf 88' lang='lat' dir='ltr'><strong>sqq.</strong></span> <span class='ocrx_word' id='word_1_229' title='bbox 1191 2751 1295 2828; x_wconf 83' lang='lat' dir='ltr'><strong>colligi</strong></span> <span class='ocrx_word' id='word_1_230' title='bbox 1306 2768 1369 2808; x_wconf 90' lang='lat' dir='ltr'><strong>non</strong></span> 
     </span>
     <span class='ocr_line' id='line_1_23' title="bbox 209 2850 1370 2932; baseline -0.003 -21"><span class='ocrx_word' id='word_1_231' title='bbox 209 2873 308 2932; x_wconf 85' lang='lat' dir='ltr'><strong>posse,</strong></span> <span class='ocrx_word' id='word_1_232' title='bbox 328 2850 404 2911; x_wconf 85' lang='lat' dir='ltr'><strong>haec</strong></span> <span class='ocrx_word' id='word_1_233' title='bbox 418 2853 501 2932; x_wconf 85' lang='lat' dir='ltr'><strong>ipsa,</strong></span> <span class='ocrx_word' id='word_1_234' title='bbox 523 2871 600 2932; x_wconf 84' lang='lat' dir='ltr'><strong>quae</strong></span> <span class='ocrx_word' id='word_1_235' title='bbox 620 2850 787 2911; x_wconf 84' lang='lat' dir='ltr'><strong>afferuntur</strong></span> <span class='ocrx_word' id='word_1_236' title='bbox 805 2856 925 2914; x_wconf 85' lang='lat' dir='ltr'><strong>Horatii</strong></span> <span class='ocrx_word' id='word_1_237' title='bbox 939 2853 1045 2913; x_wconf 82' lang='lat' dir='ltr'><strong>verbs:</strong></span> <span class='ocrx_word' id='word_1_238' title='bbox 1067 2863 1172 2911; x_wconf 78' lang='lat' dir='ltr'><strong>tetrum</strong></span> <span class='ocrx_word' id='word_1_239' title='bbox 1189 2872 1269 2909; x_wconf 78' lang='lat' dir='ltr'><strong>nave</strong></span> <span class='ocrx_word' id='word_1_240' title='bbox 1277 2852 1370 2930; x_wconf 80' lang='lat' dir='ltr'><strong>seror</strong></span> 
     </span>
     <span class='ocr_line' id='line_1_24' title="bbox 209 2953 1368 3035; baseline -0.002 -21"><span class='ocrx_word' id='word_1_241' title='bbox 209 2976 325 3035; x_wconf 71' lang='lat' dir='ltr'><strong>magica</strong></span> <span class='ocrx_word' id='word_1_242' title='bbox 336 2977 379 3014; x_wconf 83' lang='lat' dir='ltr'><strong>an</strong></span> <span class='ocrx_word' id='word_1_243' title='bbox 392 2974 493 3032; x_wconf 78' lang='lat' dir='ltr'><strong>parva</strong></span> <span class='ocrx_word' id='word_1_244' title='bbox 500 2995 513 3024; x_wconf 92' lang='lat'><strong>,</strong></span> <span class='ocrx_word' id='word_1_245' title='bbox 534 2953 626 3032; x_wconf 79' lang='lat' dir='ltr'><strong>firar</strong></span> <span class='ocrx_word' id='word_1_246' title='bbox 639 2974 719 3012; x_wconf 83' lang='lat' dir='ltr'><strong>rmus</strong></span> <span class='ocrx_word' id='word_1_247' title='bbox 734 2965 762 3010; x_wconf 80' lang='lat' dir='ltr'><strong>et</strong></span> <span class='ocrx_word' id='word_1_248' title='bbox 777 2954 858 3014; x_wconf 83' lang='lat' dir='ltr'><strong>idem</strong></span> <span class='ocrx_word' id='word_1_249' title='bbox 877 2991 915 3002; x_wconf 91' lang='lat'><em>-</em></span> <span class='ocrx_word' id='word_1_250' title='bbox 937 2975 1018 3030; x_wconf 91' lang='lat' dir='ltr'><strong>rem,</strong></span> <span class='ocrx_word' id='word_1_251' title='bbox 1043 2974 1136 3035; x_wconf 89' lang='lat' dir='ltr'><strong>quam</strong></span> <span class='ocrx_word' id='word_1_252' title='bbox 1156 2955 1368 3031; x_wconf 85' lang='lat' dir='ltr'><strong>intelligimus,</strong></span> 
     </span>
     <span class='ocr_line' id='line_1_25' title="bbox 208 3052 1367 3140; baseline -0.004 -24"><span class='ocrx_word' id='word_1_253' title='bbox 208 3061 343 3140; x_wconf 87' lang='lat' dir='ltr'><strong>itemque</strong></span> <span class='ocrx_word' id='word_1_254' title='bbox 355 3057 412 3117; x_wconf 84' lang='lat' dir='ltr'><strong>od.</strong></span> <span class='ocrx_word' id='word_1_255' title='bbox 426 3058 519 3133; x_wconf 77' lang='lat'><strong>2,16,</strong></span> <span class='ocrx_word' id='word_1_256' title='bbox 534 3058 598 3130; x_wconf 71' lang='lat'><strong>21,</strong></span> <span class='ocrx_word' id='word_1_257' title='bbox 611 3057 642 3131; x_wconf 82' lang='grc'><strong>8,</strong></span> <span class='ocrx_word' id='word_1_258' title='bbox 657 3058 686 3132; x_wconf 91' lang='grc'><strong>1,</strong></span> <span class='ocrx_word' id='word_1_259' title='bbox 697 3057 750 3119; x_wconf 87' lang='grc'><strong>89.</strong></span> <span class='ocrx_word' id='word_1_260' title='bbox 764 3055 1005 3138; x_wconf 84' lang='lat' dir='ltr'><strong>(ibiq.Mitscb.),</strong></span> <span class='ocrx_word' id='word_1_261' title='bbox 1017 3057 1089 3116; x_wconf 89' lang='lat' dir='ltr'><strong>Tib.</strong></span> <span class='ocrx_word' id='word_1_262' title='bbox 1101 3059 1130 3132; x_wconf 96' lang='lat'><strong>1,</strong></span> <span class='ocrx_word' id='word_1_263' title='bbox 1144 3053 1175 3130; x_wconf 76' lang='lat'><strong>¹1,</strong></span> <span class='ocrx_word' id='word_1_264' title='bbox 1189 3052 1367 3117; x_wconf 68' lang='lat' dir='ltr'><strong>lunium.</strong></span> 
     </span>
     <span class='ocr_line' id='line_1_26' title="bbox 209 3157 1367 3239; baseline 0 -21"><span class='ocrx_word' id='word_1_265' title='bbox 209 3164 262 3239; x_wconf 89' lang='lat' dir='ltr'><strong>qui</strong></span> <span class='ocrx_word' id='word_1_266' title='bbox 275 3161 335 3218; x_wconf 85' lang='lat' dir='ltr'><strong>loci</strong></span> <span class='ocrx_word' id='word_1_267' title='bbox 349 3161 448 3218; x_wconf 80' lang='lat' dir='ltr'><strong>virum</strong></span> <span class='ocrx_word' id='word_1_268' title='bbox 463 3159 586 3219; x_wconf 81' lang='lat' dir='ltr'><strong>docnuu</strong></span> <span class='ocrx_word' id='word_1_269' title='bbox 598 3159 751 3237; x_wconf 74' lang='lat' dir='ltr'><strong>ingenuit,</strong></span> <span class='ocrx_word' id='word_1_270' title='bbox 773 3161 846 3218; x_wconf 84' lang='lat' dir='ltr'><strong>satis</strong></span> <span class='ocrx_word' id='word_1_271' title='bbox 858 3168 1016 3216; x_wconf 85' lang='lat' dir='ltr'><strong>testantur.</strong></span> <span class='ocrx_word' id='word_1_272' title='bbox 1041 3161 1120 3217; x_wconf 90' lang='lat' dir='ltr'><strong>Nam</strong></span> <span class='ocrx_word' id='word_1_273' title='bbox 1130 3157 1222 3233; x_wconf 90' lang='lat' dir='ltr'><strong>unde,</strong></span> <span class='ocrx_word' id='word_1_274' title='bbox 1246 3176 1367 3239; x_wconf 85' lang='lat' dir='ltr'><strong>quaeso,</strong></span> 
     </span>
     <span class='ocr_line' id='line_1_27' title="bbox 208 3257 1368 3343; baseline -0.001 -22"><span class='ocrx_word' id='word_1_275' title='bbox 208 3260 375 3322; x_wconf 82' lang='lat' dir='ltr'><strong>similitudo</strong></span> <span class='ocrx_word' id='word_1_276' title='bbox 390 3260 557 3342; x_wconf 87' lang='lat' dir='ltr'><strong>quaedam,</strong></span> <span class='ocrx_word' id='word_1_277' title='bbox 578 3263 639 3319; x_wconf 87' lang='lat' dir='ltr'><strong>nisi</strong></span> <span class='ocrx_word' id='word_1_278' title='bbox 654 3281 670 3319; x_wconf 88' lang='lat' dir='ltr'><strong>a</strong></span> <span class='ocrx_word' id='word_1_279' title='bbox 686 3282 716 3319; x_wconf 87' lang='lat' dir='ltr'><strong>re</strong></span> <span class='ocrx_word' id='word_1_280' title='bbox 731 3264 797 3342; x_wconf 86' lang='lat' dir='ltr'><strong>ipsa</strong></span> <span class='ocrx_word' id='word_1_281' title='bbox 810 3257 929 3342; x_wconf 79' lang='lat' dir='ltr'><strong>petita&#39;i</strong></span> <span class='ocrx_word' id='word_1_282' title='bbox 969 3262 1011 3318; x_wconf 84' lang='lat' dir='ltr'><strong>Et</strong></span> <span class='ocrx_word' id='word_1_283' title='bbox 1023 3264 1091 3341; x_wconf 85' lang='lat' dir='ltr'><strong>quis</strong></span> <span class='ocrx_word' id='word_1_284' title='bbox 1108 3271 1169 3337; x_wconf 88' lang='lat' dir='ltr'><strong>est,</strong></span> <span class='ocrx_word' id='word_1_285' title='bbox 1189 3264 1251 3343; x_wconf 86' lang='lat' dir='ltr'><strong>qui,</strong></span> <span class='ocrx_word' id='word_1_286' title='bbox 1273 3280 1368 3343; x_wconf 91' lang='lat' dir='ltr'><strong>quum</strong></span> 
     </span>
     <span class='ocr_line' id='line_1_28' title="bbox 208 3362 1368 3443; baseline 0 -19"><span class='ocrx_word' id='word_1_287' title='bbox 208 3369 239 3424; x_wconf 91' lang='lat' dir='ltr'><strong>in</strong></span> <span class='ocrx_word' id='word_1_288' title='bbox 252 3385 318 3426; x_wconf 81' lang='lat' dir='ltr'><strong>roc.</strong></span> <span class='ocrx_word' id='word_1_289' title='bbox 337 3365 464 3422; x_wconf 70' lang='lat' dir='ltr'><strong>triremes</strong></span> <span class='ocrx_word' id='word_1_290' title='bbox 477 3362 589 3438; x_wconf 88' lang='lat' dir='ltr'><strong>haeret,</strong></span> <span class='ocrx_word' id='word_1_291' title='bbox 612 3369 716 3443; x_wconf 81' lang='lat' dir='ltr'><strong>politas</strong></span> <span class='ocrx_word' id='word_1_292' title='bbox 733 3367 802 3443; x_wconf 89' lang='lat' dir='ltr'><strong>plus</strong></span> <span class='ocrx_word' id='word_1_293' title='bbox 817 3367 958 3424; x_wconf 81' lang='lat' dir='ltr'><strong>minusve</strong></span> <span class='ocrx_word' id='word_1_294' title='bbox 970 3365 1070 3422; x_wconf 81' lang='lat' dir='ltr'><strong>facere</strong></span> <span class='ocrx_word' id='word_1_295' title='bbox 1085 3362 1226 3423; x_wconf 76' lang='lat' dir='ltr'><strong>nescisti</strong></span> <span class='ocrx_word' id='word_1_296' title='bbox 1255 3364 1368 3437; x_wconf 80' lang='lat' dir='ltr'><strong>Quodsi</strong></span> 
     </span>
     <span class='ocr_line' id='line_1_29' title="bbox 208 3465 1368 3548; baseline -0.002 -22"><span class='ocrx_word' id='word_1_297' title='bbox 208 3467 292 3526; x_wconf 88' lang='lat' dir='ltr'><strong>idem</strong></span> <span class='ocrx_word' id='word_1_298' title='bbox 301 3469 338 3528; x_wconf 89' lang='lat' dir='ltr'><strong>V.</strong></span> <span class='ocrx_word' id='word_1_299' title='bbox 354 3466 385 3525; x_wconf 91' lang='lat' dir='ltr'><strong>d.</strong></span> <span class='ocrx_word' id='word_1_300' title='bbox 401 3465 502 3525; x_wconf 85' lang='lat' dir='ltr'><strong>addit:</strong></span> <span class='ocrx_word' id='word_1_301' title='bbox 524 3471 647 3543; x_wconf 87' lang='lat' dir='ltr'><strong>„Nemo</strong></span> <span class='ocrx_word' id='word_1_302' title='bbox 665 3477 767 3526; x_wconf 89' lang='lat' dir='ltr'><strong>sutem</strong></span> <span class='ocrx_word' id='word_1_303' title='bbox 781 3468 922 3547; x_wconf 90' lang='lat' dir='ltr'><strong>probabit</strong></span> <span class='ocrx_word' id='word_1_304' title='bbox 941 3466 1001 3525; x_wconf 89' lang='lat' dir='ltr'><strong>dici</strong></span> <span class='ocrx_word' id='word_1_305' title='bbox 1021 3487 1111 3548; x_wconf 85' lang='lat' dir='ltr'><strong>posse</strong></span> <span class='ocrx_word' id='word_1_306' title='bbox 1127 3487 1238 3526; x_wconf 82' lang='lat' dir='ltr'><strong>nouaeo</strong></span> <span class='ocrx_word' id='word_1_307' title='bbox 1252 3467 1368 3525; x_wconf 73' lang='lat' dir='ltr'><strong>consiss-</strong></span> 
     </span>
     <span class='ocr_line' id='line_1_30' title="bbox 208 3569 1367 3650; baseline -0.001 -22"><span class='ocrx_word' id='word_1_308' title='bbox 208 3583 254 3629; x_wconf 82' lang='lat' dir='ltr'><strong>cto</strong></span> <span class='ocrx_word' id='word_1_309' title='bbox 273 3571 397 3650; x_wconf 75' lang='lat' dir='ltr'><strong>navigio</strong></span> <span class='ocrx_word' id='word_1_310' title='bbox 407 3611 419 3641; x_wconf 87' lang='lat'><strong>,</strong></span> <span class='ocrx_word' id='word_1_311' title='bbox 440 3574 483 3628; x_wconf 90' lang='lat' dir='ltr'><strong>itu</strong></span> <span class='ocrx_word' id='word_1_312' title='bbox 504 3580 539 3627; x_wconf 91' lang='lat' dir='ltr'><strong>ut</strong></span> <span class='ocrx_word' id='word_1_313' title='bbox 560 3571 745 3649; x_wconf 83' lang='lat' dir='ltr'><strong>significetur</strong></span> <span class='ocrx_word' id='word_1_314' title='bbox 761 3589 812 3628; x_wconf 90' lang='lat' dir='ltr'><strong>me</strong></span> <span class='ocrx_word' id='word_1_315' title='bbox 830 3573 988 3650; x_wconf 84' lang='lat' dir='ltr'><strong>navigium</strong></span> <span class='ocrx_word' id='word_1_316' title='bbox 1007 3569 1144 3629; x_wconf 84' lang='lat' dir='ltr'><strong>fastidire</strong></span> <span class='ocrx_word' id='word_1_317' title='bbox 1163 3581 1194 3629; x_wconf 90' lang='lat' dir='ltr'><strong>et</strong></span> <span class='ocrx_word' id='word_1_318' title='bbox 1215 3580 1367 3628; x_wconf 82' lang='lat' dir='ltr'><strong>mutatum</strong></span> 
     </span>
     <span class='ocr_line' id='line_1_31' title="bbox 208 3671 1368 3755; baseline -0.003 -23"><span class='ocrx_word' id='word_1_319' title='bbox 208 3676 304 3749; x_wconf 80' lang='lat' dir='ltr'><strong>velle3</strong></span> <span class='ocrx_word' id='word_1_320' title='bbox 326 3685 394 3732; x_wconf 92' lang='lat' dir='ltr'><strong>tum</strong></span> <span class='ocrx_word' id='word_1_321' title='bbox 404 3693 505 3753; x_wconf 87' lang='lat' dir='ltr'><strong>neque</strong></span> <span class='ocrx_word' id='word_1_322' title='bbox 521 3671 686 3732; x_wconf 88' lang='lat' dir='ltr'><strong>admodum</strong></span> <span class='ocrx_word' id='word_1_323' title='bbox 700 3673 832 3732; x_wconf 88' lang='lat' dir='ltr'><strong>facetum</strong></span> <span class='ocrx_word' id='word_1_324' title='bbox 845 3672 905 3732; x_wconf 92' lang='lat' dir='ltr'><strong>hoc</strong></span> <span class='ocrx_word' id='word_1_325' title='bbox 919 3685 974 3749; x_wconf 91' lang='lat' dir='ltr'><strong>est,</strong></span> <span class='ocrx_word' id='word_1_326' title='bbox 995 3695 1096 3755; x_wconf 89' lang='lat' dir='ltr'><strong>neque</strong></span> <span class='ocrx_word' id='word_1_327' title='bbox 1104 3675 1229 3734; x_wconf 84' lang='lat' dir='ltr'><strong>Horatio</strong></span> <span class='ocrx_word' id='word_1_328' title='bbox 1240 3671 1368 3751; x_wconf 88' lang='lat' dir='ltr'><strong>dignum</strong></span> 
     </span>
     <span class='ocr_line' id='line_1_32' title="bbox 204 3775 1367 3858; baseline -0.004 -22"><span class='ocrx_word' id='word_1_329' title='bbox 204 3775 418 3856; x_wconf 85' lang='lat' dir='ltr'><strong>judicandum,</strong></span> <span class='ocrx_word' id='word_1_330' title='bbox 441 3779 484 3850; x_wconf 90' lang='lat' dir='ltr'><strong>si,</strong></span> <span class='ocrx_word' id='word_1_331' title='bbox 508 3796 603 3856; x_wconf 90' lang='lat' dir='ltr'><strong>quum</strong></span> <span class='ocrx_word' id='word_1_332' title='bbox 618 3787 715 3835; x_wconf 86' lang='lat' dir='ltr'><strong>cetera</strong></span> <span class='ocrx_word' id='word_1_333' title='bbox 729 3777 948 3835; x_wconf 87' lang='lat' dir='ltr'><strong>inconstantiae</strong></span> <span class='ocrx_word' id='word_1_334' title='bbox 962 3780 1104 3858; x_wconf 87' lang='lat' dir='ltr'><strong>exempla</strong></span> <span class='ocrx_word' id='word_1_335' title='bbox 1120 3779 1249 3855; x_wconf 77' lang='lat' dir='ltr'><strong>singulis</strong></span> <span class='ocrx_word' id='word_1_336' title='bbox 1266 3776 1367 3832; x_wconf 78' lang='lat' dir='ltr'><strong>verbis</strong></span> 
     </span>
     <span class='ocr_line' id='line_1_33' title="bbox 208 3876 1367 3959; baseline -0.003 -22"><span class='ocrx_word' id='word_1_337' title='bbox 208 3881 348 3958; x_wconf 85' lang='lat' dir='ltr'><strong>tetigerit,</strong></span> <span class='ocrx_word' id='word_1_338' title='bbox 360 3876 410 3937; x_wconf 89' lang='lat' dir='ltr'><strong>hic</strong></span> <span class='ocrx_word' id='word_1_339' title='bbox 421 3882 454 3937; x_wconf 92' lang='lat' dir='ltr'><strong>in</strong></span> <span class='ocrx_word' id='word_1_340' title='bbox 469 3881 664 3958; x_wconf 88' lang='lat' dir='ltr'><strong>ambiguitate</strong></span> <span class='ocrx_word' id='word_1_341' title='bbox 679 3899 735 3959; x_wconf 85' lang='lat' dir='ltr'><strong>per</strong></span> <span class='ocrx_word' id='word_1_342' title='bbox 746 3878 822 3938; x_wconf 88' lang='lat' dir='ltr'><strong>duos</strong></span> <span class='ocrx_word' id='word_1_343' title='bbox 837 3879 900 3940; x_wconf 87' lang='lat' dir='ltr'><strong>fere</strong></span> <span class='ocrx_word' id='word_1_344' title='bbox 915 3898 1020 3938; x_wconf 85' lang='lat' dir='ltr'><strong>versus</strong></span> <span class='ocrx_word' id='word_1_345' title='bbox 1036 3882 1143 3939; x_wconf 83' lang='lat' dir='ltr'><strong>luserit</strong></span> <span class='ocrx_word' id='word_1_346' title='bbox 1149 3883 1168 3914; x_wconf 86' lang='lat'>“</span> <span class='ocrx_word' id='word_1_347' title='bbox 1177 3913 1220 3923; x_wconf 91' lang='lat'><strong>-·-</strong></span> <span class='ocrx_word' id='word_1_348' title='bbox 1234 3881 1367 3959; x_wconf 88' lang='lat' dir='ltr'><strong>primum</strong></span> 
     </span>
     <span class='ocr_line' id='line_1_34' title="bbox 206 3978 1365 4061; baseline -0.003 -21"><span class='ocrx_word' id='word_1_349' title='bbox 206 3983 407 4040; x_wconf 84' lang='lat' dir='ltr'><strong>necessariam</strong></span> <span class='ocrx_word' id='word_1_350' title='bbox 419 4001 498 4061; x_wconf 86' lang='lat' dir='ltr'><strong>uago</strong></span> <span class='ocrx_word' id='word_1_351' title='bbox 525 3985 616 4040; x_wconf 88' lang='lat' dir='ltr'><strong>istam</strong></span> <span class='ocrx_word' id='word_1_352' title='bbox 636 3983 932 4061; x_wconf 67' lang='lat' dir='ltr'><strong>interpretationem</strong></span> <span class='ocrx_word' id='word_1_353' title='bbox 960 4001 1034 4040; x_wconf 90' lang='lat' dir='ltr'><strong>nam</strong></span> <span class='ocrx_word' id='word_1_354' title='bbox 1050 3993 1178 4039; x_wconf 75' lang='lat' dir='ltr'><strong>remeat</strong></span> <span class='ocrx_word' id='word_1_355' title='bbox 1194 3979 1224 4038; x_wconf 89' lang='lat' dir='ltr'><strong>b.</strong></span> <span class='ocrx_word' id='word_1_356' title='bbox 1243 3983 1266 4039; x_wconf 93' lang='lat' dir='ltr'><strong>l.</strong></span> <span class='ocrx_word' id='word_1_357' title='bbox 1288 3978 1365 4037; x_wconf 85' lang='lat' dir='ltr'><strong>nihil</strong></span> 
     </span>
     <span class='ocr_line' id='line_1_35' title="bbox 207 4083 1367 4164; baseline -0.003 -20"><span class='ocrx_word' id='word_1_358' title='bbox 207 4085 291 4144; x_wconf 89' lang='lat' dir='ltr'><strong>aliud</strong></span> <span class='ocrx_word' id='word_1_359' title='bbox 312 4095 359 4144; x_wconf 84' lang='lat' dir='ltr'><strong>eat</strong></span> <span class='ocrx_word' id='word_1_360' title='bbox 372 4087 432 4144; x_wconf 87' lang='lat' dir='ltr'><strong>nisi</strong></span> <span class='ocrx_word' id='word_1_361' title='bbox 449 4085 590 4162; x_wconf 68' lang='lat' dir='ltr'><strong>displicet</strong></span> <span class='ocrx_word' id='word_1_362' title='bbox 607 4083 668 4141; x_wconf 86' lang='lat' dir='ltr'><strong>eibi</strong></span> <span class='ocrx_word' id='word_1_363' title='bbox 676 4127 687 4155; x_wconf 88' lang='lat'><strong>,</strong></span> <span class='ocrx_word' id='word_1_364' title='bbox 716 4095 750 4142; x_wconf 90' lang='lat' dir='ltr'><strong>ut</strong></span> <span class='ocrx_word' id='word_1_365' title='bbox 770 4105 818 4164; x_wconf 89' lang='lat' dir='ltr'><strong>ap.</strong></span> <span class='ocrx_word' id='word_1_366' title='bbox 838 4085 900 4143; x_wconf 81' lang='lat' dir='ltr'><strong>Cic.</strong></span> <span class='ocrx_word' id='word_1_367' title='bbox 916 4087 953 4142; x_wconf 88' lang='lat' dir='ltr'><strong>N.</strong></span> <span class='ocrx_word' id='word_1_368' title='bbox 967 4086 1005 4142; x_wconf 89' lang='lat' dir='ltr'><strong>D.</strong></span> <span class='ocrx_word' id='word_1_369' title='bbox 1026 4090 1061 4158; x_wconf 91' lang='lat'><strong>1,</strong></span> <span class='ocrx_word' id='word_1_370' title='bbox 1081 4085 1140 4158; x_wconf 86' lang='lat'><strong>30,</strong></span> <span class='ocrx_word' id='word_1_371' title='bbox 1159 4083 1210 4148; x_wconf 74' lang='lat'><strong>84.</strong></span> <span class='ocrx_word' id='word_1_372' title='bbox 1232 4083 1367 4158; x_wconf 71' lang='lat' dir='ltr'><strong>conselati</strong></span> 
     </span>
     <span class='ocr_line' id='line_1_36' title="bbox 201 4186 1367 4266; baseline -0.003 -21"><span class='ocrx_word' id='word_1_373' title='bbox 201 4191 305 4266; x_wconf 78' lang='lat' dir='ltr'><strong>patim</strong></span> <span class='ocrx_word' id='word_1_374' title='bbox 318 4190 448 4262; x_wconf 82' lang='lat' dir='ltr'><strong>nescr&#39;re,</strong></span> <span class='ocrx_word' id='word_1_375' title='bbox 471 4189 554 4266; x_wconf 84' lang='lat' dir='ltr'><strong>quod</strong></span> <span class='ocrx_word' id='word_1_376' title='bbox 565 4189 711 4260; x_wconf 63' lang='lat' dir='ltr'><strong>neec-ms,</strong></span> <span class='ocrx_word' id='word_1_377' title='bbox 733 4207 827 4266; x_wconf 83' lang='lat' dir='ltr'><strong>quam</strong></span> <span class='ocrx_word' id='word_1_378' title='bbox 841 4189 901 4244; x_wconf 82' lang='lat' dir='ltr'><strong>ista</strong></span> <span class='ocrx_word' id='word_1_379' title='bbox 916 4186 1096 4266; x_wconf 58' lang='lat' dir='ltr'><strong>ffseasom</strong></span> <span class='ocrx_word' id='word_1_380' title='bbox 1116 4205 1262 4242; x_wconf 78' lang='lat' dir='ltr'><strong>nauseare</strong></span> <span class='ocrx_word' id='word_1_381' title='bbox 1275 4195 1367 4264; x_wconf 81' lang='lat' dir='ltr'><strong>atque</strong></span> 
     </span>
     <span class='ocr_line' id='line_1_37' title="bbox 208 4287 1365 4371; baseline -0.003 -23"><span class='ocrx_word' id='word_1_382' title='bbox 208 4293 307 4368; x_wconf 85' lang='lat' dir='ltr'><strong>ipsum</strong></span> <span class='ocrx_word' id='word_1_383' title='bbox 322 4287 381 4348; x_wconf 84' lang='lat' dir='ltr'><strong>sibi</strong></span> <span class='ocrx_word' id='word_1_384' title='bbox 394 4289 573 4365; x_wconf 81' lang='lat' dir='ltr'><strong>displicere?</strong></span> <span class='ocrx_word' id='word_1_385' title='bbox 602 4310 681 4371; x_wconf 86' lang='lat' dir='ltr'><strong>quae</strong></span> <span class='ocrx_word' id='word_1_386' title='bbox 701 4301 853 4370; x_wconf 86' lang='lat' dir='ltr'><strong>postrema</strong></span> <span class='ocrx_word' id='word_1_387' title='bbox 867 4289 959 4349; x_wconf 77' lang='lat' dir='ltr'><strong>verba</strong></span> <span class='ocrx_word' id='word_1_388' title='bbox 982 4307 1050 4345; x_wconf 88' lang='lat' dir='ltr'><strong>eam</strong></span> <span class='ocrx_word' id='word_1_389' title='bbox 1073 4288 1112 4345; x_wconf 92' lang='lat' dir='ltr'><strong>cb</strong></span> <span class='ocrx_word' id='word_1_390' title='bbox 1131 4305 1253 4344; x_wconf 84' lang='lat' dir='ltr'><strong>causam</strong></span> <span class='ocrx_word' id='word_1_391' title='bbox 1265 4289 1365 4346; x_wconf 85' lang='lat' dir='ltr'><strong>Hein-</strong></span> 
     </span>
     <span class='ocr_line' id='line_1_38' title="bbox 207 4389 1365 4473; baseline -0.001 -23"><span class='ocrx_word' id='word_1_392' title='bbox 207 4393 320 4468; x_wconf 79' lang='lat' dir='ltr'><strong>dorfius</strong></span> <span class='ocrx_word' id='word_1_393' title='bbox 334 4411 389 4473; x_wconf 90' lang='lat' dir='ltr'><strong>pro</strong></span> <span class='ocrx_word' id='word_1_394' title='bbox 410 4395 674 4472; x_wconf 88' lang='lat' dir='ltr'><strong>interpretamento</strong></span> <span class='ocrx_word' id='word_1_395' title='bbox 693 4394 777 4452; x_wconf 81' lang='lat' dir='ltr'><strong>verbi</strong></span> <span class='ocrx_word' id='word_1_396' title='bbox 795 4413 884 4450; x_wconf 81' lang='lat' dir='ltr'><strong>naue.</strong></span> <span class='ocrx_word' id='word_1_397' title='bbox 906 4389 1046 4449; x_wconf 89' lang='lat' dir='ltr'><strong>habebat.</strong></span> <span class='ocrx_word' id='word_1_398' title='bbox 1088 4391 1189 4461; x_wconf 71' lang='lat' dir='ltr'><strong>Quum</strong></span> <span class='ocrx_word' id='word_1_399' title='bbox 1204 4401 1305 4450; x_wconf 84' lang='lat' dir='ltr'><strong>autem</strong></span> <span class='ocrx_word' id='word_1_400' title='bbox 1319 4402 1365 4451; x_wconf 91' lang='lat' dir='ltr'><strong>tot</strong></span> 
     </span>
     <span class='ocr_line' id='line_1_39' title="bbox 205 4489 1365 4580; baseline 0.002 -28"><span class='ocrx_word' id='word_1_401' title='bbox 205 4497 267 4553; x_wconf 80' lang='lat' dir='ltr'><strong>sint</strong></span> <span class='ocrx_word' id='word_1_402' title='bbox 282 4493 465 4575; x_wconf 87' lang='lat' dir='ltr'><strong>displicendi</strong></span> <span class='ocrx_word' id='word_1_403' title='bbox 482 4515 606 4576; x_wconf 84' lang='lat' dir='ltr'><strong>genera,</strong></span> <span class='ocrx_word' id='word_1_404' title='bbox 629 4502 698 4580; x_wconf 81' lang='lat' dir='ltr'><strong>quis</strong></span> <span class='ocrx_word' id='word_1_405' title='bbox 712 4507 772 4571; x_wconf 86' lang='lat' dir='ltr'><strong>est,</strong></span> <span class='ocrx_word' id='word_1_406' title='bbox 794 4497 848 4576; x_wconf 90' lang='lat' dir='ltr'><strong>qui</strong></span> <span class='ocrx_word' id='word_1_407' title='bbox 866 4515 922 4575; x_wconf 92' lang='lat' dir='ltr'><strong>pro</strong></span> <span class='ocrx_word' id='word_1_408' title='bbox 939 4495 1098 4573; x_wconf 82' lang='lat' dir='ltr'><strong>explorato</strong></span> <span class='ocrx_word' id='word_1_409' title='bbox 1111 4489 1238 4569; x_wconf 87' lang='lat' dir='ltr'><strong>habeat,</strong></span> <span class='ocrx_word' id='word_1_410' title='bbox 1262 4507 1365 4554; x_wconf 76' lang='lat' dir='ltr'><strong>utrum</strong></span> 
     </span>
     <span class='ocr_line' id='line_1_40' title="bbox 206 4593 1366 4681; baseline 0.002 -27"><span class='ocrx_word' id='word_1_411' title='bbox 206 4601 361 4676; x_wconf 81' lang='lat' dir='ltr'><strong>navigium</strong></span> <span class='ocrx_word' id='word_1_412' title='bbox 375 4603 502 4680; x_wconf 84' lang='lat' dir='ltr'><strong>pauperi</strong></span> <span class='ocrx_word' id='word_1_413' title='bbox 520 4599 722 4681; x_wconf 87' lang='lat' dir='ltr'><strong>displicuerit,</strong></span> <span class='ocrx_word' id='word_1_414' title='bbox 743 4597 776 4658; x_wconf 87' lang='lat' dir='ltr'><strong>id</strong></span> <span class='ocrx_word' id='word_1_415' title='bbox 797 4597 880 4680; x_wconf 90' lang='lat' dir='ltr'><strong>quod</strong></span> <span class='ocrx_word' id='word_1_416' title='bbox 899 4597 1011 4659; x_wconf 81' lang='lat' dir='ltr'><strong>sentire</strong></span> <span class='ocrx_word' id='word_1_417' title='bbox 1027 4593 1169 4655; x_wconf 81' lang='lat' dir='ltr'><strong>videntur</strong></span> <span class='ocrx_word' id='word_1_418' title='bbox 1184 4597 1366 4658; x_wconf 77' lang='lat' dir='ltr'><strong>Scholiaaur</strong></span> 
     </span>
    </p>
   </div>
   <div class='ocr_carea' id='block_1_3' title="bbox 0 0 1730 5334">
    <p class='ocr_par' dir='ltr' id='par_1_3' title="bbox 0 0 1730 5334">
     <span class='ocr_line' id='line_1_41' title="bbox 0 0 1730 5334; baseline 0 2"><span class='ocrx_word' id='word_1_419' title='bbox 0 0 1730 5334; x_wconf 95' lang='lat' dir='ltr'><strong> </strong></span> 
     </span>
    </p>
   </div>
  </div>
 </body>
</html>
