3450 5334
339 459 402 526 18⁰
422 468 701 530 commun
721 471 764 530 ΙΝ
783 471 951 530 nonam
970 471 1100 532 nntsT.
1118 471 1282 534 snouttn.
1302 477 1417 539 unt.
1460 477 1504 544 74

337 635 488 697 veteribus
506 637 612 700 fiotum
631 659 698 700 eoae
714 651 862 720 tanquam
883 639 1048 720 voluptatis
1066 661 1137 702 oum
1151 644 1263 704 virtute
1281 647 1506 708 contentionem

338 739 478 818 opinatur
489 739 602 802 Athen.
616 744 668 819 12,
690 745 720 806 1.
731 765 763 824 p·
779 742 854 806 397.
875 740 1019 822 Schwglr.
1039 744 1087 803 cf.
1106 747 1216 806 ltluret.
1237 747 1316 828 opp.
1332 747 1381 809 ed.
1396 752 1434 812 lt.
1447 753 1503 812 111.

337 865 369 924 p·
383 844 458 907 296.
478 855 509 904 et
523 848 618 906 Vaen.
632 845 737 904 Embl.
751 847 824 905 llor.
838 864 871 924 p.
886 845 940 908 30.

421 949 459 1009 V·
476 948 528 1013 66.
551 948 677 1026 Semper
689 947 849 1022 -finenn
892 950 992 1021 Quum
1015 945 1152 1024 ultorum,
1174 959 1241 1010 turn
1267 953 1367 1013 nostri
1391 953 1504 1012 Poetae

337 1060 386 1108 eat
413 1053 585 1112 eommunia
610 1051 769 1126 sententia,
798 1052 831 1109 in
853 1047 1032 1131 quotidiana
1058 1051 1138 1110 ritae
1160 1054 1369 1116 observatione
1394 1057 1504 1134 potita,

338 1174 463 1214 avarum
479 1174 638 1236 nunquam
654 1155 718 1213 ania
739 1151 828 1212 rebus
848 1161 1024 1212 contentum
1037 1171 1102 1212 eoae
1124 1153 1166 1232 (v.
1178 1157 1276 1236 Epiat.
1294 1160 1325 1234 1,
1340 1157 1418 1232 33.),
1440 1155 1504 1234 aed,

337 1267 451 1339 quanto
471 1259 559 1339 plura
576 1259 699 1338 pararit,
720 1265 805 1314 tanto
823 1254 912 1334 plura
936 1273 1064 1335 cupere,
1086 1260 1237 1336 congestis
1260 1267 1290 1316 et
1310 1260 1505 1337 comportatio

336 1362 382 1419 uti
404 1365 606 1434 nescientem
635 1361 690 1441 qui
710 1359 807 1417 animi
824 1355 951 1418 affectus
968 1359 1087 1418 Zenoni
1104 1355 1253 1439 ήσπάνις
1271 1358 1388 1434 dicitur,
1410 1362 1503 1440 Diog.

336 1465 437 1522 lra‘ert.
451 1464 483 1538 7,
508 1464 538 1537 1,
564 1461 637 1525 113.
679 1463 759 1519 llinc
778 1460 933 1540 praeclara
952 1463 1078 1522 Ariatot.
1096 1463 1215 1542 Repub.
1232 1465 1264 1537 2,
1281 1463 1313 1525 7.
1326 1483 1357 1542 p.
1373 1460 1444 1526 194.
1465 1465 1502 1526 Β.

337 1562 463 1647 ἄπειρος
479 1560 538 1645 yde
557 1562 581 1646 ἦ
602 1567 659 1645 τῆς
679 1562 845 1644 iotdoplcc
866 1557 975 1642 φύσις·
1000 1557 1041 1644 ἧς
1064 1559 1139 1645 πρόο
1157 1560 1215 1646 τήν
1236 1557 1455 1648 ἐκπλήρωσιν
1471 1565 1505 1630 oi

336 1665 443 1730 acoliol
457 1668 544 1743 ζῶσις
566 1677 598 1724 et
609 1669 746 1748 apprime
759 1667 822 1730 Cio.
836 1663 877 1723 ad
886 1668 1018 1724 Herenn.
1034 1665 1065 1742 4,
1080 1670 1132 1731 17.
1148 1687 1194 1748 pr.
1231 1667 1337 1747 Egone
1350 1687 1446 1746 aeque
1461 1679 1504 1726 eet

336 1775 377 1842 ia,
390 1773 446 1848 qui
457 1791 519 1829 non
531 1771 606 1828 rom
614 1768 719 1841 hebet,
731 1779 760 1827 et
770 1771 811 1839 ia,
823 1769 876 1825 eui
887 1767 967 1826 nitu
974 1770 1226 1847 eancpotcatecae.
1245 1768 1504 1834 claudinnufin.

338 1876 367 1949 1,
380 1874 454 1938 200.
479 1873 602 1950 Smper
615 1873 716 1952 inope,
736 1872 918 1951 quicumque
931 1873 1025 1948 eupit.
1049 1872 1131 1930 Curt.
1148 1873 1178 1947 7,
1195 1872 1226 1947 8,
1241 1872 1294 1934 20.
1312 1873 1504 1952 paraatiso-

336 1995 428 2048 mem,
441 1987 476 2033 nt
493 1974 654 2055 qnopluta
666 1973 804 2045 haberer,
816 1974 932 2044 αονίιιο,
947 1995 1025 2052 quae
1038 1995 1099 2034 non
1110 1973 1215 2046 habeo,
1236 1994 1368 2053 onpcrea.
1413 1975 1502 2036 Alloa

336 2082 369 2138 in
383 2076 544 2138 honorem
560 2078 643 2138 locor
658 2074 911 2137 landantlliedal.
926 2075 1069 2158 adEpiat.
1084 2079 1115 2152 2,
1133 2080 1162 2153 1,
1178 2080 1249 2143 119.
1265 2074 1402 2138 schmitt.
1416 2074 1456 2136 ed
1467 2073 1503 2138 h.

335 2183 360 2243 l.
379 2191 410 2241 et
423 2178 543 2242 llitacln
557 2178 596 2238 ad
608 2179 671 2241 od.
680 2183 712 2254 2,
725 2186 756 2254 2,
776 2179 818 2242 13
834 2197 895 2255 m.;
917 2180 949 2254 3,
970 2182 1087 2254 16,17.
1111 2181 1161 2244 18.
1176 2180 1229 2243 28.
1245 2179 1298 2243 42.
1315 2175 1369 2254 24,
1393 2175 1436 2242 02
1448 2197 1502 2254 εις

336 2286 377 2345 ct.
391 2284 455 2345 Sat.
471 2286 502 2359 1,
517 2287 548 2347 1.
561 2285 591 2357 2,
607 2284 639 2357 3,
657 2281 719 2345 142
736 2302 776 2344 aa.
796 2283 893 2362 Epist.
908 2284 937 2357 1,
950 2283 980 2358 6,
993 2279 1035 2346 34
1049 2301 1088 2342 aa.
1110 2284 1141 2359 2,
1156 2285 1187 2359 2,
1203 2279 1263 2346 147
1274 2301 1317 2344 ra.
1330 2315 1374 2328 -—
1389 2292 1503 2340 comm

336 2407 367 2445 ν.
375 2406 413 2463 p.
424 2385 538 2460 fineen,
553 2386 639 2463 cujus
650 2381 724 2442 dieti
736 2386 972 2465 explicationem
981 2396 1051 2466 pete
1064 2387 1101 2446 ab
1111 2389 1177 2466 ipao
1191 2387 1266 2444 Hor.
1286 2403 1315 2445 v,
1327 2382 1379 2446 46.
1395 2393 1427 2441 et
1437 2384 1501 2446 Sat.

337 2491 368 2563 1,
381 2488 411 2562 1,
421 2488 473 2550 92
494 2487 637 2566 Denique
649 2487 776 2561 citfinic
788 2487 952 2566 quaerendi
961 2498 1018 2546 etc.
1034 2487 1145 2552 v.106.
1168 2488 1226 2546 Eat
1237 2485 1342 2546 modam
1352 2488 1385 2544 in
1398 2483 1501 2556 rebus,

334 2599 407 2648 cunt
426 2590 499 2647 certi
517 2588 647 2668 dem'que
664 2589 750 2664 finer
767 2600 824 2652 etc.
852 2591 993 2649 lloratiua
1015 2590 1107 2668 igitur
1126 2590 1177 2648 vel
1197 2586 1255 2648 hoc
1269 2590 1350 2648 vult:
1372 2586 1502 2650 modum

335 2700 433 2751 etatae
447 2688 614 2770 cupiditati,
631 2688 790 2752 contrahaa
805 2691 1002 2772 cupiditatem
1018 2690 1088 2770 (od.
1097 2691 1127 2767 3,
1142 2693 1192 2767 16,
1204 2690 1270 2770 39.)
1281 2691 1331 2748 vel
1346 2692 1392 2748 uti
1404 2692 1502 2748 Lem-

333 2797 423 2854 binus
433 2796 663 2874 interpretatur:
681 2806 817 2871 „certam
829 2795 965 2877 aliquam
980 2815 1015 2853 ac
1027 2794 1182 2854 definitam
1193 2795 1336 2874 pecrmiae
1347 2811 1500 2852 summam

335 2909 406 2978 opta
429 2908 460 2957 et
479 2907 599 2977 expete,
622 2917 716 2978 quam
736 2899 789 2956 ubi
808 2899 1104 2971 consommationis,
1126 2896 1214 2975 plura
1233 2915 1375 2977 quaerere
1394 2893 1500 2958 desine

334 3004 482 3084 boniaque
508 3003 603 3080 partio
623 3001 725 3059 smera
746 3010 778 3058 et
795 3003 897 3060 vive.“
940 3003 1026 3058 llano
1048 2999 1283 3078 explicationem
1309 3001 1366 3060 etei
1382 3000 1501 3059 llaber-

333 3105 410 3165 feld.
430 3103 638 3184 impugnabat,
663 3123 768 3185 quum,
790 3101 886 3163 donec
905 3104 1015 3183 aliquia
1032 3100 1075 3178 id,
1097 3099 1180 3183 quod
1202 3113 1369 3182 expeteret,
1392 3104 1501 3164 luieaet

335 3219 499 3283 aaeeoutne,
521 3204 680 3286 cupiditati
697 3216 728 3264 et
744 3207 962 3285 perturbationi
978 3206 1082 3264 locum
1093 3201 1163 3262 darl
1181 3203 1386 3281 contenderet,
1408 3201 1501 3264 habet

334 3333 370 3370 ra
391 3322 505 3386 tamen,
526 3328 588 3390 quo
607 3329 642 3369 ae
661 3318 792 3368 tueatur.
832 3310 975 3368 Horatius
996 3309 1079 3366 enim
1104 3317 1217 3369 certum
1232 3308 1333 3384 finem
1355 3309 1500 3388 intelligit

333 3417 551 3495 frugalitatem,
575 3411 640 3473 sat.
664 3413 692 3488 1,
720 3413 749 3487 1,
768 3411 942 3474 73-106.
963 3409 1129 3486 laudatam,
1149 3431 1174 3470 r.
1185 3409 1228 3488 id
1251 3410 1334 3492 quod
1349 3413 1425 3472 aaut
1439 3421 1499 3484 art,-

333 3527 518 3599 quapropter
537 3525 607 3572 cert.
630 3533 661 3574 ν.
682 3534 716 3592 p.
728 3513 829 3588 finon
847 3515 914 3588 erit,
936 3533 974 3572 ne
989 3514 1086 3592 plum
1106 3535 1211 3594 cogno,
1232 3534 1327 3594 quam
1345 3515 1420 3572 catio
1441 3523 1494 3572 eat.

333 3622 432 3700 Epiat.
452 3620 481 3694 1,
498 3619 549 3691 10,
568 3614 631 3691 46,
652 3616 707 3674 ubi
719 3614 800 3675 vida.
844 3616 892 3675 01.
906 3618 990 3675 Pera.
1003 3616 1035 3692 3,
1052 3617 1114 3692 69,
1137 3619 1209 3679 Juv.
1226 3615 1276 3693 14,
1292 3617 1366 3681 316.
1387 3615 1497 3678 Seneo.

333 3722 448 3782 consol.
467 3717 508 3779 ad
523 3720 614 3779 Helv.
634 3739 662 3779 o.
681 3719 733 3782 11.
753 3721 844 3779 Haeo
858 3719 1006 3779 metuant
1023 3719 1146 3779 (divitius
1160 3741 1221 3779 rum
1233 3720 1279 3779 ad
1290 3719 1435 3778 rohonem
1448 3735 1498 3776 re-

332 3820 524 3894 maurotus,
543 3827 631 3900 eaq'm
649 3825 723 3880 certi
741 3834 814 3882 cunt
828 3824 934 3899 fimi
954 3821 1010 3881 ced
1032 3821 1077 3880 ad
1099 3824 1238 3882 odonam
1257 3820 1499 3880 commodarem

334 3939 392 3987 etc.
409 3925 456 3986 ld.
468 3927 566 4006 Epist.
580 3926 631 3991 16.
653 3927 761 3985 Herem
775 3931 934 3997 comtittoe,
955 3943 1045 4005 quem
1059 3927 1186 3984 iratam
1197 3945 1235 3984 ne
1244 3925 1348 4003 poscis
1363 3923 1498 4004 quidem,-

332 4034 361 4089 οι·
383 4029 468 4091 vam.
490 4026 537 4088 ld.
564 4029 637 4091 119.
662 4031 717 4108 qni
739 4031 814 4088 caue
832 4029 938 4101 habet,
962 4038 1136 4088 consecutur
1158 4039 1215 4100 eat,
1233 4027 1316 4107 qood
1340 4047 1500 4108 nunqracm
1563 4074 1569 4084 .

332 4133 424 4192 diviti
433 4132 593 4212 contingit,
604 4130 716 4207 filum.
738 4135 855 4193 Ancon.
867 4130 958 4213 Idyll.
969 4131 1001 4207 3,
1018 4129 1068 4195 14.
1092 4133 1151 4192 Cui
1164 4129 1258 4190 mallee
1264 4129 1346 4205 finio
1358 4130 1500 4210 cupiendi

333 4247 390 4308 ert,
410 4235 516 4295 mellus
537 4231 680 4293 Ιιαόωᾶἰ.
734 4235 794 4295 Ille
815 4233 922 4314 opibus
943 4234 1050 4294 mduo
1071 4245 1128 4307 cot,
1148 4253 1238 4316 quom
1262 4243 1360 4292 amco
1382 4236 1495 4294 αηὺηο.

332 4339 444 4398 contra
462 4348 564 4399 autem
584 4339 656 4400 Juv.
680 4339 731 4413 10,
755 4339 808 4402 23.
836 4340 947 4397 Pron
959 4338 1032 4417 sere
1053 4349 1124 4398 veta
1148 4349 1177 4395 et
1200 4338 1318 4397 cunetis
1342 4339 1499 4396 mtt'carma

333 4439 452 4518 templis
470 4442 621 4513 Doctae,
649 4451 786 4500 oreaomtt
805 4451 842 4500 nt
860 4461 930 4520 oper
949 4451 1025 4516 eto,
1052 4441 1105 4501 ubi
1132 4437 1197 4502 vid.
1227 4441 1353 4502 Weber.
1370 4459 1403 4518 p.
1422 4439 1499 4503 317.

333 4544 460 4623 cruquii
481 4545 663 4624 explicatio:
684 4553 753 4603 voto
771 4555 840 4623 pete
858 4545 883 4606 i.
906 4565 935 4604 e.
956 4553 1058 4623 optato
1080 4560 1099 4602 a
1120 4539 1179 4604 diia
1199 4542 1439 4620 innodantur,
1463 4551 1499 4602 ut
