3450 5334
318 441 362 508 58
426 446 708 507 commun
722 448 763 506 IN
784 445 952 506 trunam
973 443 1104 504 EPIST.
1126 445 1235 502 Plilhl.
1257 446 1334 504 hili.
1351 446 1376 506 l.

319 613 468 680 dabimus.
510 614 596 674 Idem
622 633 743 672 mecum
769 615 861 672 sentit
885 611 1076 672 doctissimus
1094 611 1269 672 Sciendum
1289 613 1405 691 p.19·,
1431 615 1484 692 qui

319 720 469 800 probabili
486 720 579 776 etiam
593 737 683 776 eausa
699 715 811 792 docent,
832 717 1015 776 vocabulum
1030 727 1075 774 ter
1088 727 1119 774 et
1132 714 1172 773 ad
1183 734 1262 792 pure
1275 727 1305 772 et
1321 713 1360 773 ad
1374 715 1484 774 lectum

319 818 457 878 biellam
474 838 535 878 seo.
549 820 621 880 Tib.
634 823 667 895 1,
690 823 728 896 2,
751 817 803 882 66.
826 829 855 876 et
871 819 954 877 Plin.
965 820 1005 876 H.
1018 821 1056 876 N.
1073 817 1133 892 28,
1149 820 1182 880 2.
1201 817 1394 876 referendum
1407 837 1482 876 esse

318 923 462 1001 Apprime
476 921 543 981 finit
555 935 585 980 et
597 923 659 982 suis
675 924 762 1002 quasi
776 921 924 980 limitibus
933 920 1088 981 concludit
1098 923 1192 980 Poita
1207 921 1298 979 verbo
1315 920 1484 990 recreandi,

318 1019 507 1106 ἀναψύχειν,
525 1020 745 1103 metaphoram.
767 1024 831 1082 Sat.
845 1025 877 1098 2,
892 1024 924 1096 2,
936 1020 988 1084 84.
1016 1023 1078 1081 Seu
1094 1042 1228 1081 recreare
1237 1021 1315 1080 volet
1328 1031 1484 1086 muman

319 1146 437 1204 eorpus.
484 1127 546 1184 cie.
564 1124 646 1185 Phil.
662 1125 712 1200 10,
725 1127 755 1189 8.
772 1123 909 1182 nondran
919 1145 954 1182 ex
967 1123 1187 1204 longinquitate
1195 1125 1375 1204 gravissimi
1387 1120 1485 1180 morbi
1540 1167 1550 1180 ,.

318 1240 486 1303 recreatum
515 1227 554 1286 ad
576 1228 683 1300 Quirit.
706 1249 738 1307 p.
763 1225 826 1285 red.
847 1228 877 1289 1.
907 1228 961 1306 qui
981 1228 1106 1306 egravt'
1122 1225 1224 1285 asorbo
1244 1227 1369 1284 recreati
1389 1235 1482 1297 aaran

319 1331 357 1392 de
381 1335 500 1390 invent.
528 1332 565 1405 2,
589 1331 640 1394 61.
663 1329 767 1388 miter
786 1330 909 1388 saman
920 1328 1024 1408 facile
1046 1340 1091 1386 eat
1111 1349 1147 1388 ex
1177 1329 1299 1387 melnen
1318 1338 1478 1386 recreante.

318 1437 387 1492 Alia
418 1431 592 1512 suppeditat
621 1434 813 1490 Burmannus
843 1430 884 1489 ad
904 1429 999 1490 nath.
1018 1433 1071 1490 lat.
1092 1434 1117 1490 l.
1145 1453 1177 1512 p.
1194 1428 1268 1494 486.
1300 1432 1339 1490 cf.
1356 1427 1481 1490 Ruhnk.

319 1535 358 1596 ad
373 1537 468 1596 Rutil.
490 1535 569 1614 hup.
591 1556 622 1614 p.
645 1535 697 1598 68.
723 1567 766 1580 --
791 1535 973 1615 ceteroquin
992 1536 1131 1593 animum
1148 1531 1342 1614 philosophia
1360 1533 1482 1612 purgari

318 1649 513 1719 praeceptum
530 1647 576 1696 est
592 1635 762 1693 etl’latonis
778 1645 809 1692 et
824 1636 953 1694 aliorum
970 1634 1222 1717 philosophorum
1234 1636 1383 1716 imprimis
1399 1635 1482 1694 Stoi·

320 1761 434 1800 torum.
453 1740 528 1800 lude
538 1735 702 1798 Plutarcho
713 1735 909 1818 philosophia
924 1749 971 1798 est
981 1743 1044 1802 niu
1057 1744 1112 1820 τῆς
1124 1743 1227 1820 ψυχῆς
1240 1733 1483 1819 &Mammisea

319 1845 493 1926 φάρμακον.
536 1843 599 1900 Cic.
623 1842 717 1900 Tuae.
734 1841 770 1914 3,
790 1841 822 1902 3.
852 1841 912 1898 Eat
919 1842 1056 1923 profecto
1074 1844 1172 1902 am'mi
1185 1843 1361 1911 medicina,
1377 1839 1483 1917 philo-

320 1945 427 2024 tophis
435 1968 448 2018 ,-
477 1948 566 2020 cujus
582 1943 732 2002 nardium
752 1963 813 2001 non
820 1985 833 2014 ,
857 1954 893 2000 ut
908 1945 944 2002 in
961 1946 1093 2022 corporae
1113 1942 1239 2016 atarbio,
1263 1942 1428 2022 petendam
1439 1953 1483 2000 est

310 2049 413 2128 soraa;
435 2045 573 2106 omnibns
587 2043 694 2124 opibus
707 2056 736 2102 et
752 2045 882 2118 νὶνὶὂιιε,
900 2057 1057 2104 utnoamst
1075 2048 1136 2126 ipsi
1154 2045 1240 2104 nobie
1259 2046 1371 2104 mederi
1381 2045 1482 2122 poeai-

319 2173 400 2221 mua,
417 2149 635 2209 elaborandum
649 2159 700 2206 eet.
746 2149 823 2208 Ibid.
840 2151 876 2224 3,
900 2151 931 2212 6.
952 2144 989 2222 4,
1015 2145 1067 2210 88.
1111 2149 1228 2207 Demus
1247 2169 1317 2228 ergo
1340 2169 1394 2206 noa
1410 2147 1483 2206 hate

319 2251 505 2324 eemundus,
517 2253 733 2330 patiamurque
750 2272 804 2310 reos
819 2255 936 2312 sanari.
982 2253 1028 2310 cf.
1044 2253 1111 2310 Fin.
1125 2255 1162 2326 8,
1184 2254 1215 2314 7.
1257 2253 1365 2311 Seneo.
1384 2252 1482 2329 Epist.

323 2355 373 2418 15.
403 2356 440 2414 Si
453 2352 692 2433 philosopharis,
715 2349 787 2411 tem
804 2365 856 2412 est.
899 2355 1006 2415 Valere
1024 2356 1104 2414 erum
1120 2354 1178 2412 two
1194 2353 1314 2412 demum
1333 2364 1386 2410 eet.
1412 2352 1480 2412 vid.

317 2458 419 2519 Bentl.
435 2457 471 2531 1,
494 2459 548 2530 16,
566 2453 619 2518 40.
662 2453 776 2513 Genrh.
794 2454 833 2514 ad
850 2457 1060 2532 cio.1.ae1.3,
1079 2459 1130 2522 10.
1175 2457 1336 2537 Wyttenb.
1352 2455 1392 2513 ad
1402 2457 1482 2514 Plat.

319 2555 434 2617 Phaed.
451 2558 570 2636 p.172.
613 2555 727 2628 Quodsi
747 2577 818 2616 vera
836 2569 926 2634 suut,
954 2579 1032 2640 quae
1055 2558 1117 2618 huo
1139 2579 1237 2640 usqua
1253 2557 1481 2638 disputavimus,

320 2661 453 2740 eleganti
466 2680 515 2718 vv.
529 2660 642 2724 8687.
657 2661 811 2739 proposita
827 2663 973 2740 allegoria
984 2665 1078 2722 Potite
1091 2665 1137 2721 nil
1154 2661 1238 2721 aliud
1252 2665 1313 2722 nisi
1324 2659 1383 2720 hoo
1398 2663 1481 2719 vult:

320 2765 425 2822 Etiam
439 2760 601 2836 aanmfiea
614 2781 649 2818 ex
660 2760 832 2820 ambitionis
839 2762 954 2836 morbo,
967 2766 996 2823 si
1005 2767 1119 2824 eimau
1129 2767 1249 2824 vinetis
1257 2786 1358 2824 ansere
1370 2764 1481 2846 (Epist.

321 2870 350 2942 1,
367 2869 398 2942 2,
411 2862 478 2949 67.)
498 2875 526 2923 et
542 2867 625 2924 omrai
638 2885 712 2922 eura
724 2864 943 2945 diligentiaque
949 2867 1163 2947 philosophiae
1177 2869 1287 2926 ommia
1305 2871 1326 2926 i.
1341 2889 1369 2925 e.
1386 2866 1482 2924 medi-

320 2971 406 3031 cinae
421 2969 518 3026 animi
530 2977 558 3024 te
574 2967 742 3028 mannis.
787 2971 886 3042 Quare
901 2968 1023 3044 dubito,
1039 2990 1116 3028 num
1133 2990 1205 3031 vera
1219 2975 1260 3032 sit
1271 2974 1325 3030 illa
1341 2967 1482 3028 Lambini

318 3073 534 3152 interpretatio,
549 3089 724 3152 quanquam
737 3091 791 3150 per
801 3091 834 3130 se
852 3072 947 3131 bona:
967 3069 1202 3154 „Philosophiae
1212 3073 1349 3132 studimn
1362 3090 1481 3131 sacrum

319 3185 381 3236 est:
404 3185 434 3232 et
452 3175 523 3232 libri
540 3170 745 3252 philosophici
763 3174 841 3232 sacri
858 3184 939 3232 sunt.
982 3177 1080 3247 Quare
1092 3196 1183 3236 nemo
1198 3177 1237 3236 ad
1253 3195 1359 3236 eorum
1372 3176 1482 3234 lectio·

319 3299 392 3340 nam
406 3277 548 3338 aeoedere
561 3274 650 3335 debet
662 3277 756 3336 illotis
773 3287 804 3334 et
816 3277 943 3356 impuris
956 3279 1115 3338 manibus:
1126 3276 1159 3337 h.
1168 3299 1207 3356 e.,
1229 3281 1332 3338 animo
1342 3281 1480 3357 impur03

320 3384 427 3444 iooirao
444 3379 524 3450 dixit
537 3399 612 3460 pure
625 3380 742 3438 leato.“

404 3485 440 3543 V.
461 3481 514 3546 88.
557 3482 685 3542 Invidia
706 3513 750 3526 ·-
777 3490 906 3540 ansatur.
950 3479 1039 3553 Quod
1057 3484 1199 3544 Horatius
1224 3503 1288 3544 uon
1311 3480 1405 3542 modo
1425 3499 1481 3540 sua

319 3587 415 3665 ipsius
428 3587 513 3660 vitia,
532 3605 639 3646 venam
655 3586 748 3644 etiam
764 3585 895 3642 aliorum
912 3583 950 3645 ob
968 3586 1072 3644 oculos
1086 3589 1205 3665 patroni
1223 3589 1325 3666 pouit,
1343 3606 1383 3644 ex
1397 3604 1481 3643 more

320 3699 367 3750 eat
380 3691 413 3748 in
428 3689 535 3748 Satiris
553 3689 724 3746 luculenter
743 3689 926 3766 conspicu03
956 3690 1119 3768 quominus
1139 3699 1243 3748 tamen
1259 3709 1331 3748 erun
1346 3688 1430 3747 idem
1446 3683 1480 3748 h.

319 3793 397 3867 looo,
420 3802 455 3850 ut
468 3791 607 3850 nonnulli
622 3793 798 3870 interpretes
815 3789 875 3849 eibi
884 3787 1083 3869 persuadent,
1098 3792 1206 3852 feoisse
1221 3791 1360 3867 credam,
1380 3794 1481 3870 impe-
1559 3849 1563 3856 ,

321 3893 366 3954 dit
380 3897 496 3954 mantio
510 3893 643 3952 invidiae
655 3894 745 3968 faeta,
766 3911 826 3973 qua
843 3895 869 3952 is
883 3894 1010 3952 minime
1024 3895 1192 3952 tenebatur.
1223 3896 1302 3952 lliue
1316 3897 1349 3952 in
1361 3895 1482 3972 singula

320 3999 536 4071 oommentari,
558 4006 593 4056 ut
609 3997 725 4058 facturn
742 4004 788 4055 est
809 3997 842 4056 in
862 3993 935 4054 edit.
957 3997 987 4058 1.
1004 4016 1037 4074 p.
1054 3997 1125 4072 87.,
1148 3999 1270 4072 omitto,
1291 3999 1417 4079 nequis
1430 4017 1481 4054 me

320 4101 440 4179 lignum
456 4102 489 4164 in
504 4099 614 4158 silvam
627 4097 733 4156 tulisse
747 4096 838 4156 dieat.
880 4099 982 4157 Unum
995 4094 1055 4158 hoo
1078 4097 1190 4158 addere
1203 4101 1290 4159 libet.
1330 4099 1420 4174 Quod
1434 4100 1482 4158 vir

321 4201 427 4265 doctus
441 4199 567 4283 quidam
580 4221 635 4280 pro
652 4219 719 4260 voa.
734 4211 853 4261 ornator
872 4201 1001 4280 oonjeoit
1013 4200 1147 4274 adulter,
1168 4223 1230 4266 nou
1244 4200 1327 4282 apud
1342 4223 1376 4266 se
1390 4223 1482 4283 repu-

320 4315 401 4364 tasse
414 4303 551 4380 vident,
572 4303 756 4366 vocabulum
771 4305 931 4374 amatoria,
953 4301 1084 4386 ἐραστοῦ
1089 4349 1101 4381 ,
1122 4325 1216 4366 seusu
1232 4307 1306 4364 satis
1331 4307 1483 4366 obscoeno

321 4407 501 4485 plerumque
512 4408 661 4486 usurpari.
704 4405 772 4466 vid.
789 4406 852 4465 cio.
865 4407 960 4466 Taso.
976 4404 1014 4481 4,
1031 4408 1088 4484 12,
1104 4411 1157 4474 27.
1200 4407 1307 4470 isidor.
1325 4410 1406 4488 orig.
1425 4409 1481 4468 lib.

134 4497 138 4508 ¹
246 4581 250 4595 ,
322 4505 374 4570 10.
389 4526 420 4586 p·
437 4507 530 4572 1067.
548 4509 588 4568 of.
603 4507 743 4570 Doederl.
756 4508 933 4592 Synon.1V.
946 4529 977 4588 p.
994 4508 1067 4576 103.
