3450 5334
293 482 578 545 COMNTARII
596 485 637 544 ΙΝ
654 483 823 545 nomn
842 485 976 547 must.
997 486 1105 546 eunt.
1126 487 1202 548 ult.
1223 489 1248 548 1.
1291 479 1353 546 105

195 634 288 710 Setis
300 673 368 730 rex,
388 653 472 712 aeliu
481 653 594 726 rhetor,
607 653 852 735 eoirrefirmoeue
858 697 873 726 ,
886 656 994 736 fortir,
1011 675 1134 716 eecurue
1146 655 1197 716 vei
1211 657 1257 716 ad
1267 655 1354 716 aecti—

190 757 299 816 licium
310 776 437 828 murare,
446 777 548 835 parua
553 766 652 834 putere
665 767 720 816 etr.
739 767 770 816 et
789 759 931 816 Horatiae
946 759 1011 837 ipae
1019 757 1084 834 jam
1099 758 1190 835 eliae,
1214 769 1248 818 ut
1261 759 1352 840 paulo

191 869 264 918 ante
277 857 487 917 indicarimue.
504 861 552 918 llo
564 860 657 918 etiam
666 870 782 940 spectat
793 857 873 918 illud
881 858 1039 919 Juvenelie
1056 859 1106 937 (7,
1119 861 1206 940 192.)
1220 859 1351 920 dictum:

182 962 270 1042 selis
283 971 312 1020 et
327 959 460 1041 pulcher
473 970 502 1018 et
516 980 605 1018 acer:
630 962 717 1020 Felic
729 973 758 1022 et
775 961 897 1039 rupim
911 970 939 1018 et
951 959 1061 1019 rabitis
1074 971 1103 1018 et
1117 983 1279 1042 generosam
1295 974 1349 1022 ete.

277 1066 315 1124 V.
333 1062 406 1127 108.
449 1063 619 1141 Praecipue
630 1084 724 1122 renue
737 1096 780 1112 -
795 1073 848 1120 eet.
892 1061 986 1122 Ludit
1000 1066 1050 1138 H.,
1063 1072 1098 1123 ut
1111 1066 1198 1140 tolet,
1211 1066 1244 1123 iu
1254 1065 1353 1123 ambi-

193 1169 309 1246 gnitate
332 1185 401 1226 roc.
421 1185 535 1236 moue,
564 1164 648 1246 quod
663 1185 735 1225 cave
755 1184 826 1223 cum
844 1163 999 1241 Laudine,
1024 1166 1206 1245 Doeringio,
1233 1166 1301 1227 aliie
1314 1165 1353 1224 ad

193 1271 327 1350 corporis
343 1270 507 1328 sanitatem
528 1269 657 1345 referas,
679 1270 729 1328 rel
746 1277 873 1348 utroque
894 1267 986 1328 modo
1003 1267 1040 1327 de
1056 1271 1156 1328 animo
1173 1280 1204 1328 et
1219 1290 1353 1350 corpore,

195 1383 228 1430 ut
236 1373 369 1449 pituita,
392 1390 462 1428 cum
484 1371 633 1430 Lambino
652 1372 780 1452 aliisque
801 1368 852 1428 hic
868 1368 983 1430 dictum
996 1381 1102 1451 putee,
1126 1391 1186 1453 qua
1207 1373 1354 1451 interpre-

194 1473 278 1532 tandi
298 1475 417 1532 ratione
444 1493 534 1532 omne
555 1475 722 1532 tententiae
747 1475 827 1554 perit
848 1493 985 1532 acumen.
1027 1476 1151 1533 Etenim
1178 1494 1238 1556 quo
1262 1494 1354 1534 aenou

196 1577 329 1635 dixerint
350 1576 446 1635 Stoici
464 1579 633 1655 sapientem
648 1596 778 1648 eanum,
803 1586 834 1634 et
849 1586 993 1636 annotata
1015 1576 1055 1634 ad
1072 1596 1102 1635 v.
1118 1578 1193 1641 101.
1208 1587 1238 1635 et
1254 1579 1356 1636 ineant

196 1679 357 1759 descriptio
371 1679 437 1737 Sat.
450 1681 482 1754 2,
495 1680 525 1755 3,
540 1677 659 1760 lsseqq.
677 1680 729 1737 cll.
743 1680 840 1758 Epist.
856 1679 886 1754 1,
904 1681 935 1754 6,
951 1677 1001 1743 15.
1017 1681 1090 1738 catti
1109 1676 1228 1738 docent.
1249 1683 1354 1761 Neque

195 1784 303 1840 rectius
316 1779 479 1840 dicterium
491 1783 636 1857 sentiunt,
651 1782 714 1862 qui,
729 1791 764 1840 ut
777 1780 988 1856 Haberleldm,
1001 1801 1111 1839 eanum
1125 1793 1205 1842 recte
1220 1782 1354 1865 quidem,

195 1887 246 1966 qui
258 1905 353 1945 sanae
369 1887 481 1943 mentia
496 1887 546 1960 sit,
565 1885 748 1963 intelligent,
758 1886 907 1962 pituitam
908 1926 920 1954 ,
934 1883 1118 1942 Graecorum
1131 1878 1354 1966 meritamente

195 1988 300 2048 roltmt
313 1988 488 2068 snperbiam
509 2005 670 2068 rerumque
682 2005 830 2044 ranarum
843 1985 991 2044 studium.
1034 1986 1143 2044 Simile
1166 1986 1240 2067 quid
1260 1991 1354 2048 remit

195 2092 364 2166 (iuuerunt,
385 2088 585 2168 κορυζῶντες,
606 2087 730 2148 hebetes
751 2107 940 2168 comparant.
961 2089 1155 2168 Neutiquam.
1177 2090 1297 2148 Pituita
1309 2101 1356 2150 eat

194 2195 245 2251 illa
264 2194 370 2252 vitiosi
396 2189 533 2252 bumaria
559 2189 779 2266 redundantia,
809 2209 888 2270 quae
911 2209 929 2247 a
952 2187 1159 2270 Porphyrione
1185 2185 1355 2273 κατᾶρῤους

194 2305 273 2354 recte
289 2294 412 2354 dicitur.
455 2295 502 2354 cf.
521 2296 584 2353 (iic.
594 2296 689 2354 Ture.
702 2291 741 2371 4,
763 2295 814 2368 10,
833 2292 887 2356 23.
928 2289 1036 2350 lrridet
1053 2293 1146 2372 igitur
1160 2296 1255 2354 Poeta
1271 2297 1355 2354 omni

194 2399 373 2457 facetiarum
393 2397 457 2457 eale
482 2397 617 2474 Stoicos,
649 2400 704 2478 qui
725 2397 894 2476 eapientem
918 2393 1058 2454 dicebaut
1080 2415 1204 2473 cauum,
1236 2399 1354 2458 etiamsi

194 2511 374 2582 aegrotaret.
402 2501 467 2572 Qua
482 2501 515 2557 iu
532 2520 564 2558 re
578 2500 710 2578 respexit
722 2500 789 2557 eine
807 2497 900 2558 dubio
916 2499 1138 2578 pauperrimos,
1160 2501 1275 2561 Romae
1288 2511 1355 2560 tum

194 2615 348 2666 versantes
359 2599 570 2683 philosophos,
591 2604 660 2682 qui,
678 2601 823 2682 quoniam
838 2599 919 2658 mele
936 2601 1037 2658 vestiti
1051 2611 1152 2676 erant,
1174 2605 1284 2683 pituita
1298 2603 1355 2664 fri-

194 2727 266 2785 gore
287 2715 441 2765 contracta
456 2724 546 2785 caepe
568 2714 765 2764 tentarentur.
808 2702 877 2762 vid.
900 2703 1036 2762 Tumeb.
1063 2702 1142 2764 Adv.
1164 2707 1226 2780 26,
1247 2707 1300 2768 26.
1324 2717 1355 2764 et

195 2811 307 2888 Bottig.
320 2810 426 2868 Sabin.
437 2829 469 2888 p.
483 2807 557 2871 285.
567 2808 641 2872 312.
655 2808 752 2866 Aliter
764 2816 867 2864 tamen
876 2805 1025 2883 pituitam
1038 2807 1272 2884 interpretantur
1282 2808 1354 2866 Cle-

196 2912 272 2969 ricae
286 2908 346 2990 (lae
363 2911 450 2970 clerc
469 2913 503 2972 in
519 2911 651 2968 Hiatoire
669 2908 706 2966 de
723 2909 753 2966 la
763 2905 920 2966 MidecIne
938 2927 970 2986 p.
983 2906 1057 2971 246.
1072 2909 1110 2964 Π.
1126 2907 1240 2988 Partie)
1254 2919 1284 2966 et
1295 2911 1355 2968 Sa-

196 3010 351 3088 nadonua,
371 3013 481 3093 quibua
494 3023 614 3070 auctore
631 3011 719 3068 Celso
733 3011 770 3084 7,
785 3010 824 3084 7,
843 3009 894 3072 15.
918 3006 972 3085 (cl.
988 3009 1027 3083 2,
1049 3008 1102 3072 23.
1119 3010 1155 3083 6,
1178 3009 1222 3090 6.)
1238 3012 1355 3088 pituita

195 3113 351 3174 curionem
372 3113 423 3174 hic
441 3113 573 3174 indicata
596 3112 726 3172 videtur.
768 3112 819 3170 llli
837 3111 999 3168 assentitur
1023 3111 1059 3166 P.
1079 3111 1187 3168 Corte:
1210 3115 1355 3187 „Horace

196 3237 229 3275 ee
248 3227 313 3275 met
333 3237 390 3297 par
404 3217 436 3277 li
459 3239 499 3276 an
522 3217 649 3276 nombre
670 3214 724 3275 dee
745 3215 840 3293 Sagen
859 3212 1008 3270 Stoiciene
1030 3209 1105 3270 dont
1124 3213 1148 3268 il
1172 3212 1301 3291 pretend
1321 3235 1355 3273 ae

194 3319 296 3396 jouer3
317 3329 350 3376 et
360 3319 392 3377 la
406 3320 536 3379 raillerie
548 3330 595 3378 eet
608 3313 744 3378 ‹l’autant
755 3318 825 3396 plue
839 3314 913 3388 fine,
937 3332 1054 3372 comme
1068 3333 1226 3395 remarqne
1239 3319 1296 3379 Mr.
1309 3319 1356 3378 Le

201 3422 299 3494 ctae,
317 3423 393 3504 qn'il
409 3424 523 3481 semble
540 3420 593 3503 qn'
608 3424 724 3480 Horace
737 3439 771 3478 ae
784 3419 871 3476 raille
887 3411 1060 3478 lui-meme.
1081 3416 1125 3474 Le
1143 3417 1240 3498 Sage,
1262 3416 1355 3496 dit-il,

198 3543 235 3582 ne
255 3527 379 3585 connoit
398 3545 458 3606 que
478 3526 599 3604 Jupiter
614 3543 654 3582 eu
671 3521 778 3580 deeeue
802 3518 840 3578 (le
851 3519 914 3577 lui:
936 3519 960 3574 il
973 3517 1053 3596 jouit
1067 3518 1105 3577 de
1119 3529 1189 3579 tom
1208 3523 1253 3580 lec
1269 3523 1355 3582 bieua

198 3627 411 3706 imaginablee,
430 3635 603 3700 etaurtout,
625 3624 717 3683 d'une
733 3623 819 3684 eante
835 3621 980 3702 parfaite,
1001 3619 1133 3680 imoim
1153 3623 1229 3703 qu'll
1243 3645 1282 3682 ne
1297 3628 1356 3684 coit

198 3727 374 3808 chareieux,
398 3751 517 3790 comme
536 3729 630 3788 moi.“
658 3727 809 3808 Crnqrriua
828 3726 861 3782 in
887 3721 935 3782 his
957 3724 1056 3784 verbis
1078 3725 1267 3806 explicandis
1290 3729 1355 3806 ipae

196 3839 319 3914 larmir,
350 3835 576 3917 nequemaior
598 3828 792 3889 eetDacerii
816 3827 1035 3906 Epicureorum
1058 3827 1169 3907 placita
1197 3831 1355 3890 sentientia

190 3940 413 4024 interpretatio.
455 3937 597 3994 Ceterum
611 3931 650 3991 de
664 3929 818 4014 synaereei
832 3947 899 3986 roc.
908 3930 1025 4007 pituita
1041 3928 1102 3990 vid.
1112 3928 1221 3994 Heind.
1237 3929 1277 3990 ad
1290 3931 1355 3996 Sat.

186 4049 216 4124 2,
234 4049 266 4124 2,
281 4045 340 4112 76.
357 4053 389 4102 et
402 4036 559 4102 ximhner.
576 4035 615 4095 ad
627 4037 692 4097 Sat.
703 4055 735 4115 p.
744 4034 895 4092 XXXVII.

792 4285 915 4296 ...μ-...-
