3450 5334
233 497 271 558 11
313 491 601 556 commun
621 492 667 556 IN
686 491 861 556 uenatu
880 493 959 560 LlB.
978 494 1002 555 l.
1021 494 1148 558 usian.
1168 494 1290 558 TEBT.
1329 491 1393 558 201

231 681 304 740 hanc
319 683 357 741 ad
371 681 488 744 Florum
502 683 615 742 dedisse
628 679 795 760 Epistulam.
824 680 916 742 Recte
929 683 1016 762 igitur
1030 686 1195 742 Maaooauc
1206 683 1225 744 l.
1238 684 1257 744 l
1269 706 1299 765 p.
1310 684 1394 762 286„

236 782 428 845 Weiolsertns
443 784 463 844 Ι.
478 784 499 843 Ι.
512 804 544 864 p·
559 782 645 862 370„
655 783 843 844 Kriolsaerus
854 784 886 842 in
903 783 963 860 Qu.
982 786 1094 844 Horat.
1106 785 1239 865 p.u.38.
1251 792 1283 846 et
1291 786 1322 844 in
1332 785 1392 844 tab.

198 871 204 884 ⁸
233 884 368 964 chronol,
392 885 593 964 Grotcsendus
605 887 635 946 in
649 885 787 965 Attgem.
803 885 970 964 Enoyclop.
987 888 1064 948 Sect
1077 885 1114 946 ll.
1128 886 1211 945 Tom.
1226 887 1263 946 X.
1275 905 1305 964 p.
1318 881 1394 964 478,

234 985 400 1063 quibuscum
414 987 482 1047 fucit
500 988 571 1046 Car.
581 987 701 1046 Rarus
715 989 745 1047 ia
761 988 846 1046 Just.
860 989 939 1047 Hor.
954 987 1182 1052 Berolin.1839·
1192 989 1313 1067 p.201„
1325 988 1393 1046 ecri-

233 1087 360 1165 ptiouem
366 1087 513 1167 Epistulae
526 1090 565 1148 ad
579 1105 685 1148 annum
691 1089 774 1150 U.C.
784 1086 846 1152 734
858 1089 941 1151 Varr.
953 1091 1091 1154 referunt.
1107 1088 1212 1149 Nescio
1221 1089 1319 1166 igitur,
1336 1107 1395 1165 qua

233 1189 343 1248 ratione
355 1190 450 1266 ducti,
467 1191 522 1249 nisi
534 1197 580 1252 est
598 1190 800 1252 menu'oHebri
812 1190 902 1268 glacie
910 1194 1020 1253 astricti
1033 1193 1088 1256 v.3
1099 1194 1192 1269 acta,
1210 1190 1394 1250 Sunodorsns
1472 1233 1478 1240 .

233 1297 264 1348 et
287 1290 468 1370 Dorighello
485 1292 644 1371 Epistulam
671 1314 699 1357 a.
713 1293 785 1356 733.
806 1292 888 1356 Varr.
904 1281 1039 1370 scriptam
1056 1299 1159 1373 putent
1173 1293 1299 1370 itemque
1316 1295 1394 1352 unde

233 1389 378 1452 hauserint
399 1391 475 1452 illam
494 1395 531 1453 de
550 1394 637 1454 Floro
658 1395 761 1454 comite
778 1391 887 1454 Tiberii
905 1393 1118 1456 inDalmatiam
1138 1415 1167 1455 a·
1185 1395 1258 1458 731.
1274 1393 1395 1474 profecti

235 1499 433 1556 narrationem.
479 1495 675 1554 Woelcnds'ua
696 1514 811 1573 quoque
826 1495 924 1576 lapsus
944 1504 1006 1577 est,
1036 1517 1125 1576 quum
1144 1513 1262 1556 sunum
1279 1503 1394 1574 tempus

235 1613 263 1658 a.
278 1595 353 1659 735.
375 1596 521 1676 Epistulae
533 1597 655 1677 scriptae
670 1602 817 1658 sutuuet
856 1598 902 1658 Ex
920 1600 976 1660 alio
997 1601 1078 1660 fonte
1091 1599 1216 1659 manavit
1228 1617 1307 1658 error
1321 1599 1394 1656 Da·

234 1685 302 1768 rui,
323 1698 488 1778 interpretis
509 1698 725 1778 negauerunt,
757 1717 845 1777 quum
869 1700 987 1762 diceret:
1022 1701 1074 1780 „11
1088 1703 1184 1782 paruit
1202 1720 1260 1779 que
1274 1699 1394 1760 celle-oi

234 1800 279 1857 fut
303 1801 389 1860 ecrite
409 1802 538 1878 pendant
566 1799 595 1859 lo
612 1821 713 1879 guerre
731 1801 768 1861 de
791 1800 948 1883 Dalmatie,
976 1804 1179 1863 dest-u-dire
1196 1821 1261 1862 vers
1278 1803 1336 1864 l’an
1356 1805 1394 1863 de

233 1899 326 1961 Borne
344 1902 438 1965 738.“

317 2004 353 2064 V.
376 2006 405 2069 1.
431 2007 461 2068 2.
495 2003 564 2063 Just
588 2003 861 2065 Florswlabom.
907 2005 943 2066 ln
962 2004 1017 2064 hac
1034 2005 1100 2084 ipsa
1116 2005 1394 2085 percontandi‚'ubi

235 2110 372 2164 terrarum
385 2104 518 2164 Tiberius
529 2105 632 2164 bellum
644 2111 741 2185 gerat,
758 2108 871 2168 ratione
882 2107 1032 2183 animique
1043 2106 1131 2165 verbo
1150 2123 1204 2164 saa
1217 2111 1264 2165 est
1278 2106 1394 2183 elegan-

234 2205 284 2264 tia.
327 2203 416 2265 Notio
436 2207 575 2283 quaedam
593 2206 648 2267 loci
667 2214 697 2267 et
715 2209 814 2268 incerti
838 2216 869 2268 et
884 2208 1032 2287 longinqui
1059 2208 1233 2285 significatur
1256 2207 1393 2266 formula:

234 2305 342 2384 quadus
364 2318 433 2365 terr.
459 2311 518 2368 orie
524 2352 538 2380 ,
564 2316 597 2369 ut
613 2309 692 2388 Virg.
707 2310 780 2372 Aen.
797 2312 834 2388 1,
850 2311 923 2374 331.
944 2309 1055 2390 qtdbua
1069 2308 1151 2366 orbis
1162 2311 1196 2366 s'n
1214 2312 1275 2367 oris
1290 2310 1394 2368 laoto-

234 2429 321 2480 mur,
343 2408 469 2480 dcceas‚·
491 2412 552 2472 Cic.
570 2415 607 2472 de
617 2410 657 2476 N.
674 2410 715 2471 Ι).
730 2414 761 2488 2,
782 2413 836 2475 66.
854 2431 1045 2492 qusacssanne
1062 2413 1097 2468 in
1116 2431 1170 2468 ura
1186 2422 1215 2468 et
1231 2423 1393 2490 portator-

233 2531 338 2568 rarum
346 2534 359 2584 ,·
381 2509 445 2575 Liv.
459 2513 512 2588 21,
533 2513 584 2591 10,
606 2515 657 2578 12.
673 2515 880 2574 devehendum
891 2518 926 2572 s‘rs
942 2514 1067 2572 usuum
1079 2515 1174 2571 muris
1187 2523 1395 2593 terrorumque

235 2633 323 2685 urua;
351 2612 472 2672 formula
490 2621 599 2675 autem:
626 2620 702 2675 eoin
723 2617 848 2689 laboro,
869 2618 1021 2678 maximum
1043 2616 1244 2692 cognoscendi.
1257 2617 1394 2694 sudum,

236 2721 270 2774 ut
283 2714 389 2776 Catuli.
405 2716 456 2794 67,
477 2719 526 2780 17.
540 2715 603 2796 (ubi
617 2717 737 2798 Vulpius
751 2719 925 2779 Graecorum
937 2718 1108 2798 φροντίζειν
1128 2715 1291 2798 comparat)
1306 2738 1394 2778 mmo

234 2820 352 2897 quaerit
358 2859 371 2888 ,
399 2837 453 2874 nco
474 2820 549 2874 scira
572 2817 701 2877 laborat.
755 2821 841 2880 Ouid.
861 2821 933 2880 Met
953 2820 1005 2898 10,
1023 2816 1098 2883 ¹113.
1113 2819 1210 2877 scelus
1227 2829 1271 2876 est
1278 2860 1291 2889 ,
1312 2821 1396 2898 qnod

234 2926 309 2978 scire
329 2918 460 2977 laboras.
506 2916 588 2976 Pers.
607 2921 636 2994 2,
660 2920 710 2980 17.
726 2924 886 2980 mineorum
904 2932 965 2992 eat,
987 2922 1070 3000 quod
1079 2923 1155 2979 scire
1169 2921 1282 2978 laboro.
1327 2919 1394 2980 Alia

233 3021 400 3102 suppeditat
412 3019 611 3093 Heindurfius
622 3020 660 3077 ad
676 3019 736 3079 Sat.
753 3024 784 3098 2,
805 3023 836 3099 8,
857 3022 889 3085 9.
915 3022 1022 3080 Utrum
1035 3027 1132 3081 autem
1143 3023 1215 3082 Hor.
1225 3039 1292 3079 vere
1306 3026 1393 3096 atque

235 3145 269 3184 ex
285 3123 378 3184 animo
388 3123 427 3180 sit
441 3124 641 3200 percontatus,
663 3123 741 3196 quod
755 3122 870 3182 dubitat
881 3123 1064 3195 Rodells'us,
1085 3124 1156 3183 llaec
1166 3121 1277 3182 Romae
1292 3122 1394 3199 ignota

234 3229 322 3287 fuisse
335 3243 462 3304 negans,
483 3243 521 3283 an
531 3225 658 3301 jocans,
675 3223 721 3282 hic
734 3243 871 3302 quaerere
882 3245 941 3285 non
953 3225 1066 3304 attinet,
1086 3243 1249 3302 quamnam
1260 3223 1394 3284 dubitan-

235 3331 303 3388 dum
315 3335 376 3405 est,
397 3347 465 3386 num
479 3323 586 3402 Poeta,
607 3326 675 3384 dum
687 3325 845 3405 scribebat,
867 3327 960 3387 locum
971 3327 1020 3386 ubi
1040 3330 1179 3406 degerent
1191 3325 1289 3403 amici,
1310 3345 1392 3385 aecn-

235 3429 430 3491 ratenoverit.
470 3427 588 3488 Nemini
607 3428 755 3488 Claudias
775 3430 853 3506 quod
868 3430 950 3489 addit
963 3449 1022 3490 rem
1043 3431 1232 3501 notissimam
1254 3428 1394 3507 Augusti

233 3534 400 3612 privignae
406 3572 420 3602 ,
441 3529 555 3590 honoris
569 3549 653 3592 cause
663 3533 771 3593 factum
786 3537 872 3611 puta,
896 3538 929 3593 ut
943 3530 1037 3610 Epist.
1052 3532 1081 3610 1,
1092 3533 1125 3610 8,
1138 3534 1169 3595 2.
1198 3529 1393 3596 Οιὶιο-εοο-

237 3639 303 3694 miti
313 3632 488 3714 scribaeque
501 3633 632 3692 Nema
639 3677 653 3707 ,
674 3635 836 3714 gratulandi
848 3653 936 3694 cansa
955 3640 985 3693 et
998 3632 1055 3693 od.
1069 3635 1098 3711 1,
1119 3635 1171 3704 20,
1193 3634 1223 3698 ὀ.
1267 3635 1393 3692 Maece-

236 3757 292 3795 nas
312 3757 419 3816 eques,
440 3737 493 3795 riri
506 3737 705 3796 modestissimi
719 3737 876 3797 modestiae
893 3736 1054 3795 laudandae
1066 3737 1168 3813 gratia.
1209 3738 1266 3815 „ln
1287 3735 1392 3794 talibus

235 3838 333 3914 vero“,
353 3844 386 3896 ut
397 3839 439 3897 ait
450 3837 648 3898 Eahswdius
666 3840 696 3898 in
711 3858 743 3898 re
757 3839 857 3917 simili,
876 3845 1008 3917 „quanta
1020 3838 1107 3896 fuerit
1119 3837 1305 3897 urbanissimo
1318 3836 1392 3896 Poe·

236 3946 284 4000 tre
303 3939 449 4017 judicandi
467 3941 625 4019 degenda,
641 3960 726 4017 quam
744 3949 880 4003 venustus
900 3941 1069 4017 limatusque
1086 3957 1206 4017 sensus,
1231 3944 1341 4016 quanta
1361 3940 1392 3996 in

235 4042 385 4102 scribendo
398 4041 609 4122 circumspectio
625 4049 655 4101 et
669 4045 840 4123 prudentis,
858 4045 966 4120 sciunt,
984 4043 1034 4119 qui
1053 4042 1084 4102 in
1102 4042 1231 4120 legendis
1249 4043 1310 4119 ejus
1328 4041 1392 4100 odis

237 4149 323 4218 atque
347 4143 475 4222 epistolis
493 4146 532 4204 ad
550 4147 708 4205 sententias
721 4147 813 4223 magis
825 4151 856 4204 et
871 4145 1085 4222 tustanum,
1105 4163 1192 4221 quam
1204 4146 1244 4204 ad
1262 4143 1349 4203 verba
1361 4148 1392 4202 et

236 4245 388 4305 dictionem
401 4245 548 4304 advertere
560 4247 683 4308 animum
696 4247 886 4307 didicerunt.“
920 4246 1104 4325 Quapropter
1114 4247 1250 4307 dissentio
1264 4267 1283 4305 a
1301 4246 1391 4305 Wei-

237 4348 336 4407 cherto
343 4388 357 4418 ,
378 4346 414 4408 V.
428 4345 484 4425 Cl.,
506 4366 593 4423 quum
605 4347 639 4431 (l
652 4349 674 4407 Ι.
686 4371 718 4430 p.
732 4349 811 4416 378)
829 4348 906 4408 illam
927 4345 1146 4426 appellationem
1159 4347 1229 4405 dicit
1240 4343 1390 4424 „callidum

236 4457 267 4510 et
293 4449 470 4510 ambitiosam
495 4451 598 4511 amoris
623 4453 767 4530 studiique
788 4453 819 4511 in
839 4448 986 4511 'fuerim
1007 4448 1262 4511 testificationcsn.“
1303 4447 1391 4519 Quod

236 4559 332 4614 antem
352 4553 485 4613 muare
504 4571 569 4616 cum
583 4554 669 4634 dicit,
689 4555 739 4634 qui
757 4555 815 4614 dux
831 4552 898 4616 belli
908 4552 1010 4632 luserit,
1025 4549 1070 4610 vel
1083 4556 1145 4631 est,
1164 4556 1199 4610 nt
1219 4551 1391 4610 Tonantes
