3450 5334
360 535 406 612 'oo
470 541 750 614 courmnrran
769 551 811 610 nr
831 550 999 611 uomrn
1020 549 1150 610 ue1sr.
1171 551 1280 610 runi.
1298 535 1375 610 nin.
1396 552 1422 610 ι.

364 721 491 794 Quintil.
514 725 588 780 inat.
613 724 672 798 11,
698 721 737 797 8,
765 717 838 784 140.
883 723 964 780 Pare
978 731 1065 800 togae
1079 753 1122 764 -
1138 716 1219 778 cedet
1232 721 1340 779 nechim
1348 741 1361 793 ,·
1390 721 1431 780 ib.
1449 717 1523 784 141.

367 826 467 903 Super
485 823 569 904 qaod
580 844 634 881 ora
652 843 688 881 ex
702 834 774 903 toga
791 823 904 902 duplex
918 822 1085 904 aequaliter
1103 823 1224 896 cedern
1247 823 1320 886 161.
1345 823 1450 882 sedem
1465 821 1527 880 Ιιιι-

365 943 445 983 mero
458 935 541 1004 toga.
585 927 753 984 Hominum
766 936 831 985 erat
844 927 1011 986 liberorum
1028 935 1058 984 et
1075 924 1156 1006 apud
1175 926 1306 984 Graecos
1322 935 1352 982 et
1367 923 1449 1005 apud
1463 926 1527 983 La-

364 1021 445 1088 tinoe
465 1020 691 1108 οἷοοβᾶλλεοθαι
706 1025 840 1103 ἐπιδέξια
858 1025 1027 1109 ἐλευθέροις
1047 1028 1098 1085 vel
1113 1037 1219 1121 tpgam
1237 1025 1380 1086 decenter
1400 1037 1528 1105 compo*-

365 1149 455 1206 nere‚
476 1127 510 1187 id
527 1124 610 1209 quod
624 1129 761 1206 pluribus
776 1131 931 1189 illustrant
949 1128 1077 1188 Caraub.
1097 1125 1137 1185 ad
1154 1126 1312 1208 Theophr.
1329 1125 1420 1187 char.
1441 1124 1473 1191 4.
1495 1147 1528 1205 p.

365 1233 417 1294 52.
437 1232 582 1308 Bucigcr.
596 1232 629 1287 in
643 1231 765 1292 Griech.
779 1235 959 1310 Varengern.
972 1233 997 1290 1.
1018 1233 1049 1293 2.
1064 1250 1095 1310 p·
1112 1225 1164 1291 54.
1183 1240 1213 1289 et
1230 1231 1263 1287 in
1280 1231 1395 1290 Sabina
1408 1249 1439 1309 p.
1451 1227 1529 1291 898.

365 1334 439 1398 416.
460 1333 536 1392 Inde
552 1341 582 1390 et
602 1333 681 1392 illud
702 1335 896 1408 indecorum,
919 1335 945 1392 ri
965 1343 1036 1412 toga
1059 1331 1202 1409 deflueret
1219 1331 1271 1390 rel
1290 1332 1441 1410 ffueret,
1462 1331 1528 1390 vid.

365 1430 501 1494 Broulth.
513 1433 553 1492 ad
565 1436 637 1494 Tib.
652 1439 681 1509 1,
694 1435 725 1510 7,
740 1433 804 1511 46,
825 1435 964 1494 Turneb.
977 1432 1055 1494 Adv.
1069 1437 1119 1509 16,
1139 1432 1169 1498 4.
1185 1435 1235 1508 11,
1249 1432 1312 1508 28„
1335 1434 1526 1497 0ct.Ferrar.

367 1537 405 1596 de
418 1541 461 1598 Re
476 1547 553 1596 reat.
568 1539 605 1610 1,
620 1539 651 1601 6.
666 1548 696 1596 et
710 1557 786 1618 quoa
799 1536 905 1596 laudat
919 1537 1111 1597 Heindorfiue
1125 1535 1165 1596 ad
1181 1537 1245 1596 Sat.
1265 1538 1301 1612 1,
1319 1536 1350 1610 8,
1367 1537 1420 1600 81.
1442 1537 1527 1610 Qua-

365 1648 488 1718 propter
497 1659 538 1696 ex
546 1637 605 1698 hoc
619 1649 769 1718 postremo
784 1641 851 1699 loco
863 1639 1055 1698 micham
1068 1638 1121 1697 Ll.
1129 1659 1160 1718 p.
1176 1641 1209 1700 7.
1223 1639 1380 1717 ingeniose
1395 1641 1527 1718 conjicit,

366 1742 483 1800 Horatii
496 1743 529 1799 in
538 1742 645 1800 Satiris
657 1740 733 1800 haec
744 1741 901 1801 scribentis
914 1745 1015 1802 animo
1029 1742 1221 1800 obversatum
1231 1760 1297 1799 esee
1307 1743 1529 1818 Maecenatem,

366 1841 653 1924 „diligentissimum
665 1847 783 1904 externi
794 1847 826 1903 in
841 1846 945 1905 amicis
953 1843 1074 1906 habitur
1089 1844 1311 1903 observatorem
1323 1855 1352 1904 et
1360 1846 1526 1925 castigato·

367 1965 432 2005 rem
444 1947 680 2028 perurbanum.“
700 1947 819 2006 Eadem
825 1950 1012 2028 negligentia
1022 1957 1144 2008 notatur
1157 1966 1204 2026 ap.
1212 1944 1324 2006 Athen.
1332 1951 1361 2022 1,
1370 1947 1460 2028 38.p.
1471 1950 1528 2013 21.

367 2049 403 2112 0.
418 2069 450 2129 p.
465 2050 519 2112 78.
539 2046 642 2110 Schw.
667 2048 751 2131 tm.
765 2048 799 2114 11
819 2046 924 2128 ου’τοῖς
940 2051 993 2114 nul
1009 2055 1065 2114 rori
1082 2050 1216 2130 κοσμίως
1228 2042 1455 2132 ientaculum
1467 2047 1529 2132 reio

296 2198 305 2211 .
368 2151 500 2234 ioiirirc·
519 2150 571 2215 xci
582 2146 654 2226 roric
667 2148 710 2233 μή
720 2157 811 2217 τοῦτο
820 2159 986 2229 ποιοῦντας
995 2153 1156 2218 ἔσκωπτον.
1168 2156 1236 2233 lpse
1245 2163 1349 2210 tamen
1357 2154 1529 2229 Maecenas,

369 2256 506 2338 alioquin
519 2275 619 2315 rerum
636 2257 824 2316 minutarum
834 2256 1133 2329 observantissimus,
1149 2255 1187 2314 cb
1197 2252 1336 2314 habitum
1348 2243 1530 2316 discinctum

367 2356 878 2438 multireratmaliexemplihomo.
903 2357 971 2420 tid.
981 2355 1288 2437 Seneo.lipiet.114.‚
1302 2361 1531 2440 Auct.Eleg.in

367 2460 448 2520 Obit.
462 2463 558 2520 Maec.
571 2460 709 2523 21-25.
727 2463 801 2544 ibiq.
815 2459 962 2521 Wernrd.
976 2463 1030 2520 Ill.
1045 2483 1076 2541 p.
1087 2460 1157 2525 158.
1172 2471 1202 2518 et
1218 2480 1295 2540 quoa
1310 2461 1350 2520 ad
1364 2461 1398 2521 h.
1409 2463 1431 2522 l.
1442 2463 1532 2523 affert

371 2561 554 2622 Schmidiue.
575 2563 653 2620 Mira
669 2582 743 2621 rane
760 2572 806 2621 eat
820 2563 935 2621 comica
950 2563 1003 2620 illa
1020 2565 1158 2643 enallage
1171 2565 1316 2644 temporie
1334 2576 1365 2623 et
1381 2586 1532 2646 personae

369 2681 430 2745 qua
443 2665 595 2722 chterua
604 2662 655 2723 hio
669 2676 704 2724 ut
719 2667 782 2726 Sat.
800 2668 835 2740 1,
853 2665 890 2739 8,
905 2665 957 2727 29.
1000 2667 1161 2745 Virgilium
1180 2669 1266 2746 tangi
1288 2668 1440 2747 opinatur.
1484 2671 1532 2730 D'e

367 2765 537 2828 Satirarum
549 2770 617 2828 loco
627 2773 706 2828 'vere
720 2766 760 2828 ud
780 2786 886 2826 meum
902 2768 1027 2849 quidem
1050 2789 1174 2828 aeneum
1185 2768 1361 2845 judicarunt
1374 2770 1533 2832 Heindor-

369 2867 436 2944 iiue,
456 2867 661 2945 Weichertua,
687 2871 799 2950 (Lectt.
811 2873 925 2931 Venus.
939 2873 963 2930 1.
979 2893 1010 2952 p.
1026 2869 1096 2954 14.)
1117 2881 1148 2930 et
1165 2868 1349 2932 liirchnerua
1367 2875 1439 2954 (Qu.
1455 2877 1533 2935 Hor.

368 2990 400 3052 p.
422 2969 489 3054 58.)
511 2971 751 3033 Scholiastarnm
767 2975 976 3033 testimonium
993 2976 1208 3056 approbantes,
1231 2975 1262 3030 in
1279 2971 1337 3033 hoc
1356 2987 1460 3036 autem
1475 2980 1531 3060 qui

368 3094 431 3132 non
448 3073 531 3133 ridet
545 3077 706 3135 Horatium
721 3078 839 3157 ipsum,
861 3078 991 3136 coeoutit
1007 3095 1077 3134 cum
1091 3076 1235 3134 Bextero.

452 3182 490 3240 V.
511 3180 601 3242 97-
613 3180 684 3243 100.
730 3179 833 3258 Quid,
854 3199 922 3238 ntea
940 3213 983 3224 -
997 3177 1155 3236 rotundis?
1196 3176 1310 3250 Quodsi
1329 3179 1532 3262 Demiurginc,

370 3300 449 3364 quae
464 3299 585 3340 aranu
597 3280 757 3349 94—100.
778 3280 859 3339 diota
874 3290 960 3356 aunt,
983 3281 1142 3338 Horatium
1160 3277 1200 3337 ad
1215 3301 1248 3338 ee
1262 3282 1372 3340 referre
1387 3284 1530 3360 affirmat,

369 3402 449 3466 quae
465 3402 528 3442 non
544 3384 665 3465 proprie
679 3383 718 3442 ad
733 3385 851 3465 iprum,
870 3382 924 3444 aed
937 3382 977 3442 ad
991 3400 1241 3462 unumquemque
1256 3386 1368 3443 notatio
1382 3387 1463 3445 vitiir
1480 3388 1532 3447 af-

369 3485 484 3544 lectum
500 3483 658 3544 relerenda
674 3486 745 3561 sint,
764 3488 917 3564 obaerrari
928 3487 1037 3562 velim,
1059 3495 1125 3543 tum
1140 3481 1173 3544 h.
1188 3485 1210 3543 l.
1228 3488 1305 3544 aeria
1321 3486 1449 3547 adnmta
1463 3509 1532 3550 esee

366 3589 443 3670 jocia
457 3596 488 3646 et
503 3606 574 3647 vera
588 3587 675 3662 fictir,
688 3597 755 3646 tum
767 3593 860 3649 etiam
874 3591 949 3648 aliae
962 3590 1036 3647 talia
1048 3587 1181 3668 profiteri
1193 3590 1320 3648 Poetam
1336 3592 1386 3649 vel
1397 3589 1532 3671 quodam

370 3691 465 3750 animi
490 3687 622 3749 candore
645 3692 821 3767 incitatum,
843 3693 895 3750 vel
916 3711 977 3773 quo
998 3691 1122 3749 liberior
1146 3693 1186 3750 ait
1210 3692 1287 3752 alios
1308 3694 1532 3773 perstringendi

369 3794 465 3853 ratio:
490 3791 556 3852 Sat.
572 3794 602 3867 1,
619 3782 651 3867 8,
670 3793 723 3856 20.
741 3790 777 3868 4,
807 3794 899 3871 180,
919 3796 955 3872 6,
974 3793 1046 3869 65,
1068 3792 1157 3870 2,8,
1172 3791 1238 3856 807
1252 3813 1319 3874 ιφ,
1343 3796 1374 3870 7,
1389 3798 1431 3859 22
1451 3815 1532 3879 ηις,

370 3897 467 3979 lipiat.
486 3896 525 3970 1,
542 3893 580 3970 8,
596 3895 618 3958 8
632 3913 699 3976 sqq.
718 3929 761 3940 —
784 3897 843 3968 out
862 3899 986 3978 rignum
1001 3893 1207 3974 interrogandi
1223 3913 1241 3952 a
1265 3915 1354 3955 versu
1367 3894 1530 3964 94-105.

369 4016 552 4078 suspensum
563 3994 692 4071 habent,
713 4007 833 4056 tantum
849 4000 950 4076 abest,
967 4009 1001 4058 ut
1016 4001 1053 4058 iio
1065 4001 1187 4078 linguae
1200 4000 1253 4056 lex
1265 3998 1363 4074 obsit,
1384 4009 1419 4058 ut
1435 4003 1537 4080 major

368 4099 441 4160 inde
459 4109 617 4159 enmcatur
630 4100 748 4159 Horatii
762 4101 795 4158 in
807 4102 1015 4160 Maecenatem
1029 4099 1212 4160 humanitas.
1241 4102 1385 4160 Attamen
1399 4123 1418 4161 a
1435 4105 1533 4163 Bent-

371 4204 470 4282 lejana
487 4201 695 4283 distinguendi
715 4203 830 4263 ratione
852 4201 992 4262 recedere
1012 4201 1126 4264 dubito.
1153 4203 1276 4260 Etenim
1294 4200 1386 4263 habet
1403 4226 1439 4264 ea
1457 4210 1533 4267 certi

370 4303 446 4383 quid
461 4315 492 4363 et
507 4303 633 4380 definiti,
650 4314 685 4363 ut
699 4303 773 4366 ordo
789 4307 846 4364 ait:
871 4305 1039 4364 eiectatur
1057 4339 1099 4350 -
1118 4303 1218 4378 η’ᾱιος
1241 4305 1268 4365 ai
1282 4310 1419 4385 graviora
1434 4309 1531 4368 animi

370 4405 444 4464 vitia
458 4406 492 4464 in
503 4425 554 4466 ma
569 4419 656 4484 runt,
678 4430 740 4467 non
752 4409 841 4468 ridea.

454 4508 491 4567 v.
509 4508 561 4569 99.
580 4512 716 4569 Aecum
726 4545 769 4556 -
783 4509 887 4570 erdem
901 4520 972 4568 toto.
996 4511 1047 4570 Uti
1062 4509 1315 4588 ιιοδονίῑεοθαι,
1336 4512 1378 4570 tta
1392 4515 1533 4570 murare}

371 4615 401 4666 et
415 4608 582 4686 sturemare.
613 4598 681 4674 tud.
698 4615 829 4694 interpp.
844 4611 884 4671 ad
901 4605 990 4672 ¹Paul.
1006 4613 1103 4693 Epist.
1121 4611 1161 4670 ad
1175 4609 1289 4693 Epher.
1302 4612 1338 4690 4,
1356 4613 1422 4690 14.,
1444 4614 1526 4675 cort.
