3450 5334
212 467 257 533 hd
299 465 584 528 cofflll'l'hllss
604 469 647 528 ut
667 466 837 528 nonam
849 467 981 528 EPIST.
993 467 1160 530 SECUND.
1181 471 1258 530 ΗΒ.
1272 471 1298 536 1.
1321 465 1382 536 161

213 635 422 698 assentiuntur
442 638 562 696 liunter
579 648 610 696 et
626 633 813 712 Schmidius,
834 647 991 718 praeterea
1009 637 1174 700 occurritur
1191 639 1239 697 illi
1260 636 1383 700 dubita-

212 739 303 814 tioni,
321 757 416 820 quam
438 736 477 798 de
497 735 556 798 hao
580 740 729 820 scriptura
745 738 842 798 movit
861 741 1033 818 Bentlojus,
1055 760 1151 823 quum
1170 741 1290 822 „prima
1309 717 1420 801 illst*

218 841 263 901 Ut
273 877 313 890 -
326 842 536 922 eapsrgisceris
553 849 585 900 et
602 853 772 922 postrema:
792 840 837 899 Et
856 844 893 900 ru·
907 875 945 888 -
959 842 1086 915 lunaine,
1108 842 1147 903 da
1164 863 1272 903 somno
1288 852 1319 902 et
1333 843 1383 906 vi-

213 943 342 1022 gitanda
363 940 478 1004 diceret
494 954 632 1020 tractare,
654 940 776 1004 ethaeo
793 941 980 1021 medionon,
1001 948 1047 1006 uti
1064 955 1221 1027 parasset,
1241 966 1311 1006 cum
1325 964 1383 1004 ex-

212 1047 320 1106 tremis
340 1065 480 1106 connexa
501 1057 532 1106 et
548 1047 755 1126 congruentia,
776 1042 833 1104 sed
851 1063 870 1103 a
888 1066 921 1106 re
939 1067 1062 1128 prorsus
1080 1049 1189 1125 aliena,
1211 1067 1302 1106 curru
1320 1046 1383 1108 soi·

213 1147 297 1224 licat,
318 1145 381 1208 huc
397 1147 535 1208 traducta
558 1158 589 1208 et
610 1167 703 1230 prave
729 1149 908 1227 interposita
928 1153 1026 1208 esse.“
1041 1183 1086 1198 -
1106 1151 1141 1210 Si
1161 1151 1303 1210 Horatius
1322 1147 1382 1210 hoc

212 1247 308 1310 inodo
326 1247 368 1309 ad
388 1249 559 1332 hydropem
578 1247 742 1325 alludebat,
763 1249 966 1310 interamnae
989 1252 1155 1329 constabat,
1176 1251 1381 1313 somnolentos

214 1351 253 1411 ad
267 1349 442 1434 hydropem
452 1355 632 1434 plerumque
645 1353 772 1412 transire
786 1348 884 1431 (quod
894 1352 972 1411 bene
989 1351 1077 1414 docet
1087 1354 1202 1438 Bentl.)
1221 1364 1251 1413 et
1264 1351 1382 1435 hydro·

212 1455 289 1536 picis
313 1474 378 1517 non
401 1456 500 1534 magis
520 1453 728 1535 vigilandum,
749 1473 841 1536 qnam
862 1454 1045 1516 currendum
1066 1475 1132 1518 esso
1158 1475 1198 1516 ex
1220 1465 1381 1538 praecepto

214 1556 296 1618 celsi
316 1557 350 1634 8,
374 1559 407 1623 2.
449 1560 595 1630 Quocirca
617 1569 698 1618 recto
718 1554 928 1637 Porphyrion:
958 1579 1059 1618 curren
1083 1559 1266 1639 hydropicae
1272 1580 1286 1634 ;
1307 1559 1382 1639 quia

213 1659 371 1738 hydropici
381 1657 531 1734 Jubmcu
551 1681 573 1718 a
597 1661 723 1722 pudicis
742 1679 880 1720 umere:
902 1663 947 1720 ita
965 1663 1044 1720 enim
1056 1660 1178 1721 ntorbua
1193 1680 1295 1720 sonan
1307 1659 1382 1720 colet

213 1763 371 1820 manuari
399 1759 513 1821 labore.
557 1765 624 1824 Hoc
648 1764 822 1845 quamsit,
845 1763 938 1822 etiam
963 1761 1108 1824 inciditur
1131 1767 1230 1826 omnis
1257 1764 1381 1824 alterius

212 1863 380 1945 scripturae
404 1884 490 1923 wer
508 1884 629 1942 nervus,
651 1863 691 1924 ad
717 1883 810 1946 quam
834 1876 941 1946 utpote
963 1865 1123 1926 meliorem
1140 1866 1296 1945 Bentlejus
1317 1861 1381 1950 (bis

212 1965 388 2048 intelligam
403 1969 582 2048 expergisce)
595 1969 670 2028 olim
686 1970 849 2048 confugere
864 1987 929 2027 non
943 1964 1108 2026 dubitarit:
1128 1968 1197 2040 „Si
1209 1968 1289 2028 notis
1308 1989 1377 2028 rau.

211 2069 381 2150 expergisci
392 2103 433 2114 -
447 2068 547 2129 adhuc
573 2073 656 2130 enirn
678 2073 806 2131 sanitate
823 2071 932 2131 frueris
947 2079 1110 2150 --postea
1128 2089 1183 2150 per
1202 2071 1381 2130 somnolen-

211 2171 291 2231 tiam
303 2173 394 2230 iatam
407 2169 593 2253 hydropicus
607 2175 716 2250 factus,
738 2195 825 2234 curce
839 2177 949 2235 saltem
968 2171 1139 2252 expergisci
1151 2174 1239 2250 jussu
1257 2171 1379 2250 medici,

211 2292 253 2332 ns
268 2273 394 2332 morbue
407 2271 517 2334 eradat
529 2277 630 2336 letalis
643 2279 723 2339 etc.“
765 2279 807 2337 Et
823 2297 864 2336 ne
885 2277 961 2336 alias
984 2275 1114 2333 aliorum
1131 2273 1269 2336 indoctas
1289 2274 1380 2353 hujus

211 2376 273 2438 loci
290 2377 511 2458 explicationes
524 2397 770 2457 commemorem,
793 2378 902 2441 eodem
919 2377 999 2437 ferro
1011 2377 1170 2456 jugulatus
1187 2377 1268 2438 cadit
1280 2379 1380 2440 bonna

212 2478 265 2538 ille
277 2480 457 2556 Lambinus,
471 2498 567 2560 quum
581 2479 672 2540 dicit:
686 2503 816 2554 „carrea
826 2483 873 2542 nd
883 2482 1032 2540 audiena
1041 2477 1380 2561 hydropteuesactue.“

213 2587 280 2644 Huc
295 2583 422 2660 accedit,
436 2581 518 2665 quod
530 2585 672 2643 Horatius
687 2595 739 2645 aut
751 2588 934 2648 nominatim
943 2585 1047 2662 Lollii,
1063 2587 1118 2667 qui
1130 2585 1257 2646 fortaeso
1271 2597 1379 2646 aornno

213 2685 334 2750 deditus
355 2687 552 2770 preatexebat
570 2688 742 2763 sanitatem,
763 2698 826 2766 aut,
847 2687 932 2770 quod
949 2689 1048 2763 malo,
1071 2689 1245 2769 aequalium
1271 2689 1378 2770 ipsius,

210 2792 363 2872 imprimis
379 2791 607 2870 Epicureorum,
627 2790 804 2868 opinionem
823 2789 961 2850 deridere
981 2789 1111 2864 videtur,
1132 2791 1187 2870 qui
1208 2794 1270 2851 otio
1288 2799 1380 2873 atque

212 2896 321 2955 mertia
349 2894 491 2954 venalem
517 2911 582 2951 asae
607 2895 767 2951 sanitatem
797 2893 1014 2974 opinabantur3
1036 2893 1178 2973 quocirca
1197 2889 1380 2954 Plutarchus

213 2995 253 3058 de
269 3000 398 3058 unitate
410 2993 526 3055 tuenda
537 2997 587 3055 Vl.
600 3014 631 3074 p.
648 2993 712 3058 512
732 2993 836 3055 docet:
856 2989 966 3078 ἥκιστα
982 2989 1021 3074 δή
1036 2989 1094 3074 τήν
1117 2987 1227 3076 u'pyiuv
1247 2991 1380 3076 dysatvdv

211 3097 414 3182 duoiwics,
435 3099 464 3162 ei
480 3093 517 3162 sd
534 3101 590 3180 τῆς
607 3095 723 3179 ὑγιείας
738 3095 823 3172 τέλος
839 3090 990 3160 ciuilium
1013 3092 1066 3158 eat
1085 3086 1158 3158 ou’d’
1179 3087 1296 3174 ἆληθὲς
1316 3093 1379 3160 tm

211 3199 246 3266 sd
267 3205 384 3284 pitter
409 3199 560 3284 dywivesv
588 3195 664 3275 rode
689 3198 821 3281 ἡσυχίαν
846 3195 986 3282 ἄγοντας.
1035 3194 1123 3270 Quod
1148 3195 1379 3257 incommodum

212 3305 415 3366 somnolentia
433 3303 549 3377 afferat,
570 3302 703 3364 ostendit
720 3304 837 3363 Seneca
852 3305 886 3362 in
905 3303 1003 3383 Epist.
1025 3302 1116 3364 1222
1142 3297 1379 3360 cummarca-

212 3418 264 3465 tur
282 3427 356 3478 nox,
377 3417 407 3464 et
423 3405 546 3485 aliquid
564 3407 598 3464 in
618 3405 698 3464 diem
722 3407 981 3486 tramserutur-
995 3406 1060 3462 aine
1082 3403 1150 3462 ulla
1171 3403 1379 3462 exercitatione

201 3506 394 3581 succuditur,
417 3519 517 3566 mmor
537 3509 666 3587 pr'grmu
692 3528 801 3586 corpus
823 3507 959 3578 invadit,
979 3517 1009 3563 et
1031 3525 1122 3584 super
1142 3503 1276 3564 usembra
1299 3507 1378 3563 inere

210 3611 323 3691 eagina
336 3611 506 3668 amarescit.
552 3609 604 3668 lta
623 3609 750 3667 utonem
766 3629 906 3690 corpora,
929 3611 985 3690 qui
998 3629 1030 3667 ee
1045 3606 1172 3667 tenebris
1187 3607 1379 3678 decanum,

201 3711 302 3791 sceda
312 3714 463 3771 visuntur.
504 3711 623 3790 Quippe
636 3732 698 3770 nou
711 3713 870 3790 apecr'oaior
882 3709 960 3783 illis,
974 3731 1068 3790 quum
1079 3707 1181 3770 morbo
1189 3707 1379 3790 palleuu’dua

210 3813 293 3874 color
311 3825 372 3873 eet:
395 3813 539 3894 languidi
556 3825 585 3871 et
603 3813 726 3872 evanida·
739 3813 857 3887 albent,
876 3825 904 3873 et
922 3815 1046 3872 invicti
1061 3834 1132 3873 caro
1148 3815 1307 3872 morticina
1321 3821 1375 3870 ert.
1503 3829 1505 3834 ·

211 3917 256 3978 ci
276 3915 355 3978 ceu.
376 3916 409 3992 3,
428 3918 480 3980 21.
508 3918 700 3976 Damccu'tus
717 3937 766 3997 ap.
789 3919 882 3980 Orell.
901 3920 934 3976 iu
955 3917 1065 3997 Opusc.
1086 3917 1192 3977 Graec.
1214 3917 1240 3978 Ι.
1255 3935 1288 3996 p.
1307 3915 1376 3978 96.:

209 4013 391 4101 Ἦμσρήσισσ
408 4013 505 4081 ὕπνοι
526 4009 666 4098 σόμστσς
685 4014 811 4102 ὄχλησιν
830 4015 854 4101 ἢ
880 4021 983 4101 poprie
1004 4012 1206 4101 ἆδημοσῦνην
1224 4011 1248 4097 ἢ
1268 4009 1378 4099 ἄργίην

209 4113 447 4201 ἢσῖπσιδσσσίην
459 4120 667 4201 σημαίνωσιν.
682 4154 727 4168 -
746 4125 861 4197 Restat,
883 4131 927 4198 ut,
948 4131 1017 4182 utra
1032 4123 1123 4182 lectio
1143 4118 1225 4180 nole·
1242 4136 1281 4177 an
1300 4119 1377 4178 nolrh
1479 4177 1486 4198 ‚

210 4223 249 4282 sit
270 4223 391 4303 potior,
412 4223 586 4303 explanem.
628 4223 665 4280 ln
689 4225 801 4284 talibus
824 4225 992 4283 enunciatis
1016 4226 1163 4283 Praesens
1186 4219 1377 4300 conjunctivi

209 4327 335 4387 mollius
350 4323 427 4407 quid
438 4321 531 4384 habet
550 4325 610 4385 ia.
622 4323 777 4406 quondam
791 4327 842 4386 vel
857 4321 1044 4386 concedendi
1059 4325 1109 4386 rel
1128 4321 1287 4384 dubitandi
1302 4327 1375 4402 rim,

210 4429 360 4490 Futurum
381 4437 486 4488 autem
511 4429 640 4507 protasis
666 4429 835 4509 planiorem
857 4429 903 4487 rei
925 4429 1044 4487 suturae
1070 4427 1321 4508 significationem
1346 4437 1377 4487 et

211 4529 281 4591 inde
292 4529 451 4615 quandam
467 4528 656 4592 certitudinis
669 4533 721 4590 rel
731 4528 904 4592 affirmandi
914 4531 1080 4607 notionem,
1104 4540 1139 4591 ut
1153 4531 1219 4595 Sat.
1235 4531 1307 4608 1,2,
1323 4531 1374 4594 96.
