3450 5334
398 536 464 603 37⁰
506 538 792 601 ΟΟΜΜΕΝΤΑΒΙΙ
812 537 855 599 ΙΝ
876 534 1044 597 noltffll
1065 534 1141 597 LlB.
1157 536 1180 595 l.
1195 532 1321 597 EPIST.
1334 532 1446 597 SEPT.
1512 534 1556 599 98

398 729 505 789 accidit
519 726 723 806 interpretibus
745 724 946 805 parabolarum
968 740 1123 800 sacrarmn,
1144 728 1177 783 ut
1197 722 1311 801 singule
1330 722 1414 783 nimis
1434 722 1558 803 diliges-

400 842 445 894 ter
463 835 645 904 rimarentur,
666 830 743 888 idem
763 827 873 905 aliquot
890 827 974 905 hujus
992 824 1109 904 apologi
1128 824 1332 903 interpretibus
1353 828 1493 887 accidisse
1514 828 1557 885 vi-

400 943 512 1001 demus.
560 930 748 1014 Vulpeculas
763 932 855 1005 enim,
886 934 988 1008 utpote
1006 927 1117 987 bestiae
1137 928 1432 1006 fraudsdentisaimae,
1460 930 1556 989 Hora·

400 1046 471 1103 tium
483 1041 584 1101 vident
600 1039 805 1115 comparatum,
819 1036 976 1111 propterea
991 1030 1069 1108 qnod
1083 1030 1113 1087 iu
1129 1030 1281 1089 amicitiam
1297 1030 1473 1093 Maecenatis
1491 1052 1557 1092 sese

400 1142 620 1217 inhaesisset,
655 1145 689 1198 nt
715 1138 791 1215 apud
818 1155 885 1195 eum
903 1135 1106 1212 pinguesceret
1125 1132 1145 1190 i.
1168 1150 1195 1189 e.
1214 1132 1378 1195 ditesceret.
1422 1137 1557 1197 Similiter

399 1242 733 1320 esurirfloen‘agiua,
768 1237 805 1297 ab
835 1235 1039 1296 humanissimo
1061 1234 1114 1293 Ill·
1132 1230 1272 1292 Jacobsio
1289 1255 1320 1313 p.
1345 1240 1418 1303 127.
1439 1237 1558 1299 meliora

401 1348 535 1423 edoctus,
556 1364 644 1423 quum
663 1341 752 1402 verbo
773 1348 907 1417 reprom
924 1358 951 1396 v.
966 1337 1018 1399 30.
1041 1355 1104 1395 eam
1123 1336 1180 1397 vim
1198 1337 1347 1416 tribueret,
1369 1346 1401 1399 ut
1422 1341 1448 1399 si
1462 1340 1557 1399 Horu·

401 1450 457 1507 tius
484 1448 514 1505 in
534 1446 710 1505 Maecenatis
737 1446 851 1503 domum
879 1442 1090 1517 amicitiamque
1113 1439 1302 1517 serapeum.
1348 1438 1438 1501 Aliter
1466 1442 1505 1501 de
1525 1460 1558 1501 se

402 1551 467 1627 ipse
487 1548 603 1625 quidem
623 1550 716 1609 sensit
738 1546 850 1621 Poeta,
880 1544 905 1601 si
927 1542 1138 1620 comparaveris
1157 1542 1219 1601 Sat.
1241 1546 1277 1619 1,
1298 1544 1337 1620 6,
1356 1543 1400 1607 60
1420 1562 1487 1622 sqq.
1515 1574 1557 1590 -

402 1649 448 1710 De
466 1652 570 1729 partic.
592 1650 693 1721 lbra,
714 1668 789 1727 qaae
809 1649 856 1707 bic
877 1645 968 1723 accipi
985 1650 1083 1723 potest
1104 1662 1158 1723 pro
1179 1643 1362 1725 oliqmndo,
1381 1647 1453 1705 dixit
1461 1646 1557 1707 Hand

401 1754 443 1835 ad,
462 1751 550 1813 Tura.
566 1753 605 1812 ll.
623 1773 654 1831 p·
676 1752 749 1816 733.

486 1855 522 1916 V.
547 1857 601 1919 30.
622 1875 774 1913 canutam
788 1850 949 1931 frumenti
992 1847 1133 1928 Porphyr.
1158 1868 1310 1926 „earnm
1331 1852 1409 1909 vasis
1430 1852 1557 1909 frumen-

402 1960 468 2020 tarii
485 1976 599 2037 genus,
627 1958 735 2019 tactum
753 1976 788 2017 es
808 1953 911 2013 vimine
933 1950 1087 2010 admodum
1108 1951 1304 2011 obductum.“
1346 1952 1444 2011 Sebol.
1466 1952 1556 2027 qu.

399 2078 487 2139 „vas
512 2060 744 2136 frumentarium,
781 2077 816 2117 es
842 2051 994 2113 viminibus
1025 2056 1228 2115 contexmm.“
1280 2052 1367 2113 Plura
1392 2054 1558 2133 suppeditat

402 2164 509 2223 Acron.
529 2162 693 2239 adSat1,
714 2164 744 2237 1,
768 2159 819 2223 63.
864 2155 949 2215 eous.
966 2154 1015 2214 Fr.
1035 2154 1150 2216 Jacobs.
1171 2176 1200 2235 p.
1221 2156 1291 2221 132.
1334 2155 1485 2213 Ducarius
1505 2170 1558 2211 co-

402 2284 531 2334 morani,
553 2280 639 2340 quam
661 2262 807 2322 mentione
828 2256 1008 2337 vulpeculae
1026 2259 1104 2317 fecta
1124 2258 1252 2319 offensus
1271 2258 1411 2337 conjecit,
1432 2261 1465 2316 ut
1484 2255 1556 2313 baec

402 2388 462 2428 non
482 2368 655 2425 frumentum
674 2364 849 2435 comederet,
871 2362 924 2419 sed
943 2366 976 2419 ut
995 2360 1091 2438 pullos
1114 2367 1144 2419 et
1164 2359 1311 2421 columbas
1333 2364 1474 2437 captaret,
1495 2376 1558 2417 ver·

402 2473 440 2529 tit
460 2468 598 2547 „grenier
617 2463 739 2523 voster
753 2460 784 2519 li
802 2496 846 2507 —
866 2460 901 2521 V.
916 2462 968 2525 31.
986 2460 1079 2538 pleno
1099 2481 1233 2540 corpore,
1254 2464 1291 2522 de
1312 2462 1455 2521 sententia
1468 2462 1558 2519 Beut-
1682 2518 1683 2543 ,

402 2572 452 2649 aa
475 2564 727 2647 ‚ffirngumw
768 2563 804 2622 m
829 2563 1025 2622 maneantur
1047 2562 1252 2635 amnem,
1286 2562 1487 2642 napum,
1522 2562 1557 2623 n.
1682 2544 1683 2569 ¹

403 2671 443 2732 At
459 2670 544 2751 plen.
565 2686 646 2746 eorp.
670 2667 747 2724 idem
767 2672 814 2723 eat
835 2666 912 2743 quod
929 2663 1022 2742 pleno
1043 2674 1144 2722 venue
1163 2685 1211 2745 ap.
1232 2666 1398 2741 Hieronym.
1418 2666 1437 2723 l.
1450 2665 1470 2725 l.
1491 2662 1558 2741 ἔξο-

402 2778 558 2859 γκοθεῖσα
575 2766 633 2851 τὴν
650 2764 778 2850 γαστέρα
793 2785 841 2845 ap.
859 2765 967 2845 desop.
990 2774 1021 2828 et
1043 2762 1093 2829 dcci
1113 2762 1147 2833 si
1169 2766 1384 2848 δμπλησθῆναι
1403 2786 1451 2847 ep.
1470 2766 1558 2827 Dion.

404 2879 555 2956 chrysost
584 2872 671 2934 Cont'.
691 2870 742 2929 Fr.
763 2869 881 2929 Jacobs.
902 2888 932 2947 p.
949 2869 1022 2933 137.
1044 2901 1086 2913 -
1103 2868 1139 2930 V.
1160 2870 1213 2933 33.
1236 2888 1346 2929 cavwa
1364 2880 1478 2928 artum.
1509 2870 1558 2929 Sic
1683 2910 1684 2949 ,

404 2980 527 3040 Phaedr.
541 2982 572 3055 2,
590 2972 623 3051 4,
646 2975 697 3037 17.
718 2982 781 3030 tuto
802 2990 888 3030 cavo.
908 2967 941 3047 4,
962 2969 994 3047 6,
1016 2971 1047 3033 3.
1067 2982 1149 3030 artos
1170 2992 1271 3030 cavos.
1317 2968 1380 3033 Vid.
1396 2972 1559 3049 ibiBurm.,

406 3100 495 3160 quem
509 3080 609 3141 laudat
626 3074 733 3139 Heind.
751 3074 789 3133 ad
807 3074 870 3134 Sat
892 3076 923 3150 2,
943 3074 975 3150 6,
997 3075 1068 3138 116.
1112 3073 1199 3134 Conf.
1219 3072 1361 3153 Doering.
1383 3076 1422 3135 ad
1442 3076 1504 3133 Sat.
1528 3078 1559 3151 2,

404 3184 445 3261 3,
466 3183 538 3247 173.
560 3182 599 3255 6,
620 3178 672 3241 81.

488 3281 524 3342 V.
540 3278 701 3345 34-36.
744 3277 818 3335 Hac
841 3310 878 3320 —
901 3286 993 3339 muto.
1036 3276 1201 3337 Sententia:
1222 3278 1334 3355 „Quod
1355 3279 1393 3337 de
1406 3278 1560 3337 reddendis

406 3382 569 3445 muneribus
587 3400 642 3460 pro
662 3380 860 3457 recuperanda
876 3377 1008 3437 libertate
1028 3379 1096 3456 dixi,
1116 3380 1142 3439 si
1157 3378 1255 3439 fabula
1273 3380 1345 3440 baec
1361 3379 1444 3458 quasi
1462 3383 1500 3440 de
1515 3400 1560 3441 me

405 3490 549 3560 narratur,
570 3483 665 3543 omnia
685 3484 805 3542 restituo
827 3498 887 3540 non
909 3488 1028 3560 propter
1048 3481 1226 3543 furfidiosam
1240 3483 1383 3559 quendam
1397 3482 1560 3543 incommu-

406 3589 475 3647 tiam
496 3592 547 3645 ant
566 3584 679 3643 sincero
699 3584 839 3643 libertatis
862 3585 959 3646 studio
980 3586 1151 3665 destitutus,
1188 3586 1239 3645 sed
1265 3587 1324 3664 ita,
1359 3590 1392 3645 ut
1414 3604 1507 3663 neque
1527 3602 1560 3645 es

407 3690 541 3747 satietate
564 3686 610 3745 vel
631 3687 745 3747 fastidio
766 3687 842 3746 vitae
872 3685 1001 3747 lautioris
1026 3688 1206 3766 tranquillam
1234 3686 1377 3747 bominum
1402 3688 1561 3749 tenuiorum

408 3788 641 3868 plebejorumque
662 3792 749 3850 vitam
768 3791 933 3869 praedicem
952 3809 1046 3868 neque
1075 3810 1140 3849 cum
1160 3790 1340 3868 amplissimis
1361 3790 1468 3849 divitiis
1489 3790 1561 3849 otio·

409 3910 472 3951 sem
485 3890 647 3951 libertatem
663 3902 842 3953 commutem.
886 3888 942 3949 elii
954 3891 1047 3967 aliter,
1069 3894 1124 3952 vid.
1137 3892 1289 3970 Doering,
1308 3890 1395 3951 liotb.
1409 3891 1446 3950 ad
1460 3892 1561 3967 Gesm,

408 3994 461 4054 Fr.
480 3992 598 4053 Jacobs.
615 4014 645 4073 p·
667 3989 737 4058 114.
760 3999 790 4053 et
811 3993 873 4057 128
894 4012 938 4070 sq·
960 4000 990 4053 et
1013 3994 1105 4054 Orell.
1126 4026 1170 4039 —
1189 3992 1351 4073 compellor
1370 3993 1519 4072 imagriss,
1539 3991 1558 4049 i.
1683 4050 1684 4055 ,

411 4116 437 4155 e.
460 4098 601 4173 increper,
621 4096 816 4174 reprehendar
835 4101 869 4153 ut
886 4095 949 4154 Sat.
972 4099 1003 4171 2,
1027 4094 1061 4172 3,
1083 4094 1155 4162 296.
1198 4096 1263 4156 tud.
1277 4096 1365 4157 Fabr.
1379 4098 1417 4155 ad
1429 4094 1493 4155 Liv.
1510 4098 1562 4171 22,

411 4201 468 4275 12,
499 4200 549 4264 12.
595 4197 770 4257 δοΙιπιὰίὶιω
797 4199 828 4257 in
853 4197 942 4257 literis
963 4198 1001 4257 ad
1021 4197 1162 4259 medatis
1182 4198 1237 4258 boc
1258 4198 1447 4275 significatum
1466 4204 1561 4277 putat:

410 4302 459 4376 „si
479 4299 534 4359 bac
551 4299 648 4359 fabula
663 4309 696 4363 ut
712 4300 825 4361 debitor
844 4315 976 4376 accusm,
998 4303 1093 4361 omnia
1111 4300 1264 4378 resigno,“
1283 4302 1314 4359 in
1333 4300 1407 4361 banc
1420 4319 1482 4361 rem
1501 4301 1562 4361 lau·

410 4402 483 4461 dans
503 4402 621 4461 Ernest.
639 4402 720 4464 Clav.
740 4404 803 4463 Cic.
823 4403 853 4463 b.
871 4423 900 4463 v.
941 4402 1021 4482 Nep.
1040 4406 1072 4480 7,
1092 4399 1125 4479 4,
1147 4405 1177 4467 1.
1220 4400 1298 4461 Dok.
1317 4404 1354 4461 ad
1369 4400 1433 4463 Liv.
1455 4401 1510 4479 34,
1532 4407 1561 4479 2,

411 4503 444 4565 8.
484 4504 583 4563 Burm.
604 4506 642 4563 ad
662 4505 744 4564 Suet.
764 4506 849 4565 Caes.
866 4509 915 4571 17.
958 4506 1071 4565 masur.
1092 4505 1130 4564 ad
1152 4504 1215 4563 cic.
1235 4502 1292 4583 Ep.
1313 4506 1351 4563 ad
1371 4504 1438 4566 Div.
1459 4506 1562 4581 8,12‚

412 4603 443 4669 5.
465 4612 496 4667 et
514 4622 684 4684 comparans
702 4606 860 4682 appellare
880 4612 917 4669 de
932 4608 1082 4669 mouendis
1103 4606 1279 4669 debitoribus
1295 4606 1355 4667 cic.
1369 4608 1452 4671 Brut.
1468 4607 1500 4685 6,
1516 4606 1562 4671 18.
