3450 5334
336 451 380 514 80
445 457 726 515 COMMENTARII
746 457 788 513 nt
810 455 977 516 itonam
997 455 1126 514 EPlS'l’.
1148 457 1353 515 11111111.
1375 461 1399 515 l.

335 639 381 686 tes
396 636 491 685 sortes
508 623 546 683 de
562 622 734 683 mate'riaux
747 646 824 706 pour
839 624 949 682 bttir.“
971 625 1016 681 De
1031 622 1096 699 his,
1118 642 1194 705 quas
1209 623 1355 699 diximus,
1371 627 1498 705 aliisque

335 731 417 788 111111
436 731 469 786 in
486 731 600 806 Bajanc
621 731 782 786 exstructis
804 727 866 786 vid.
891 726 969 785 zell.
995 731 1028 785 in
1048 725 1301 786 Ferieusohrilten
1318 731 1341 787 1.
1361 749 1393 806 p.
1415 725 1498 801 148,

339 831 446 909 Copm.
466 829 503 888 ds
528 830 656 907 Chaupy
676 830 811 888 De'cout.
829 828 867 888 de
884 830 914 887 la
929 833 1045 890 maison
1066 827 1221 889 d’llorace.
1247 832 1272 894 1.
1295 851 1326 909 p.
1347 832 1416 894 187.
1434 830 1497 892 255

335 953 401 1016 sqq.
419 933 483 998 297
501 951 583 1013 sqq.,
611 929 760 1010 Streglits.
783 930 1002 1012 Archaeologie
1022 930 1076 992 der
1093 931 1262 993 Baskunst.
1279 935 1318 990 ll.
1343 934 1374 993 2
1389 952 1420 1010 Ρ.
1435 932 1497 992 218

335 1053 402 1116 sqq.
427 1035 468 1092 L.
491 1033 528 1092 de
551 1035 650 1092 Gor-o:
670 1033 917 1114 wandel-angon
934 1032 1031 1094 durch
1052 1037 1200 1114 Pompeji.
1226 1036 1332 1092 Wien.
1353 1033 1446 1096 1826.
1466 1053 1497 1111 Ρ.

334 1141 381 1213 2.,
405 1139 515 1218 quibus
529 1135 608 1197 adde
625 1138 778 1195 itineraria
798 1157 815 1195 a
835 1139 953 1197 comite
975 1136 1013 1195 de
1033 1136 1182 1217 Stolberg.
1204 1136 1277 1216 (111.
1291 1158 1322 1215 Ρ.
1343 1137 1384 1199 17
1399 1134 1496 1216 sqq.),

338 1241 458 1299 Scantio
474 1237 526 1322 (Ρ.
541 1240 604 1304 888
616 1239 714 1320 sqq.),
741 1238 908 1320 Gernicgio
923 1238 982 1318 (11.
999 1259 1030 1317 Ρ.Ι
1045 1239 1236 1322 190-209.)
1254 1241 1408 1318 eleganter
1422 1256 1497 1295 con-

334 1345 444 1422 scripta
460 1353 490 1400 st
515 1341 644 1422 Tis'bing.
663 1341 837 1420 Morgenbl.
866 1341 960 1406 1880.
985 1343 1036 1398 111.
1059 1343 1129 1405 159.
1150 1364 1182 1422 Ρ.
1207 1343 1296 1416 686,
1330 1340 1494 1402 1831111.

335 1445 408 1508 186.
420 1465 451 1525 Ρ.
467 1443 541 1508 742.
584 1443 633 1504 Ad
647 1445 833 1503 locutionem
847 1446 886 1504 cf.
902 1440 1078 1524 Symmach.
1091 1446 1189 1525 Epist.
1206 1446 1233 1518 1,
1249 1445 1280 1506 5.
1301 1441 1497 1500 11110111-

329 1549 444 1624 paru'oe
463 1567 591 1604 amoeno
602 1547 816 1624 praeniteant,
839 1565 899 1627 quo
920 1547 1012 1606 verbo
1028 1549 1125 1604 utitur
1138 1549 1210 1604 llor.
1225 1544 1280 1604 od.
1293 1543 1330 1617 1,
1349 1541 1406 1616 88,
1421 1538 1452 1602 4.

419 1651 455 1709 V.
477 1646 615 1712 84-86.
661 1648 698 1707 St
710 1647 786 1706 decit
802 1647 885 1706 dives
897 1647 1044 1729 -sabri
1089 1650 1248 1720 Decerins‚
1275 1663 1367 1726 quem
1382 1655 1495 1702 temere

334 1760 456 1810 secutus
470 1771 538 1808 sum
555 1753 588 1807 iu
605 1747 653 1808 ed.
673 1752 714 1825 1.,
733 1749 858 1808 divitem
875 1762 906 1809 et
918 1751 1026 1809 lterum
1038 1771 1099 1811 non
1111 1771 1207 1809 unam
1222 1747 1412 1827 eandemque
1425 1767 1495 1825 per·

333 1873 441 1912 sonam
455 1873 521 1913 esse
544 1855 700 1932 opinatur,
722 1855 766 1911 ita
783 1852 917 1929 utheri,
940 1857 994 1935 qui
1007 1852 1087 1912 dicto
1100 1851 1227 1912 audiens
1244 1855 1284 1910 sit
1300 1850 1406 1923 diviti,
1428 1852 1494 1907 leve

334 1957 409 2016 alios
416 1952 557 2015 imitandi
570 1953 706 2014 studium
716 1954 912 2015 describatur.
928 1960 1100 2036 Perperam.
1115 1959 1221 2036 Neque
1233 1958 1332 2012 terior
1340 1951 1494 2012 estWad-

334 2056 395 2117 deli
414 2078 468 2137 pro
486 2077 553 2122 roo.
575 2059 675 2116 dives:
703 2059 832 2130 Davara,
862 2059 1050 2136 conjectans,
1074 2069 1109 2116 ut
1130 2056 1280 2117 iudicetur
1300 2053 1494 2114 1111111111)-

333 2158 421 2219 dolus
438 2171 468 2218 et
482 2159 627 2236 callidus,
658 2163 712 2240 qui
728 2180 849 2240 semper
866 2180 899 2219 se
914 2164 1084 2219 immisceat
1096 2162 1227 2238 negotiis
1244 2156 1376 2233 domiui,
1402 2159 1445 2214 ita
1460 2166 1494 2213 ut

332 2281 438 2322 semus
454 2266 508 2321 sit:
533 2265 592 2338 „si
612 2282 717 2322 servus
735 2275 893 2342 praesente
909 2264 1033 2323 domino
1051 2265 1139 2340 Bajas
1154 2260 1340 2336 laudaverit,
1364 2261 1417 2317 ille
1431 2269 1494 2317 sta·

332 2367 388 2424 t'un
400 2365 474 2422 illuc
489 2366 736 2443 commigrabit.“
759 2366 853 2423 Poeta
867 2386 930 2425 nou
944 2368 1065 2424 miscuit
1081 2369 1162 2424 varia
1177 2377 1207 2424 et
1224 2365 1351 2424 diverso.
1372 2363 1494 2419 Etenim

333 2469 431 2527 omnis
450 2469 514 2544 ejus
532 2470 608 2526 ratio
623 2471 656 2524 in
669 2486 704 2524 eo
723 2475 869 2540 versansr,
889 2480 924 2526 ut
945 2481 1015 2526 ante
1033 2467 1137 2526 oculos
1150 2477 1244 2547 ponat
1257 2465 1391 2527 hominis
1403 2469 1494 2525 unius

331 2567 423 2628 modo
444 2567 519 2643 hoc,
539 2567 632 2628 inodo
650 2565 729 2626 illud
751 2567 905 2628 molientis
925 2572 1169 2631 inconstantiam.
1212 2573 1279 2630 lluc
1296 2569 1413 2627 accedit
1428 2571 1492 2648 ipsa

332 2671 435 2728 11116111
449 2669 637 2749 significatio,
658 2689 718 2751 qua
734 2667 890 2728 homiuem
907 2673 1061 2753 quendam
1073 2676 1187 2732 Romae
1203 2675 1253 2732 vel
1269 2674 1343 2732 clim
1357 2672 1405 2730 tel
1421 2680 1493 2728 tunc

331 2782 486 2852 potentem
500 2793 563 2832 nou
581 2776 647 2832 sine
663 2771 794 2856 quadam
811 2775 958 2834 irrisionis
970 2786 1043 2835 nota
1054 2774 1178 2836 indicat.
1219 2779 1291 2847 Quis
1309 2793 1371 2831 uon
1383 2776 1493 2830 memi-

332 2877 410 2934 nerit
425 2876 567 2934 villarum
580 2877 703 2934 Luculli
721 2875 887 2955 (Plutarch.
900 2880 974 2937 Luc.
988 2880 1041 2942 89.
1056 2879 1162 2955 Vellej.
1177 2881 1214 2951 2,
1229 2878 1317 2956 88),
1339 2877 1492 2935 Ciceronis

332 2976 432 3058 (Plin.
448 2980 486 3041 ll.
502 2981 538 3041 tt.
554 2981 606 3054 81,
618 2980 684 3060 2.),
706 2980 845 3060 Pompeji
864 2983 1055 3061 aliorumque
1069 2981 1103 3037 iu
1119 2982 1176 3038 isto
1192 2981 1374 3059 campaniae
1388 2998 1492 3037 atnoe-

331 3083 456 3140 nissimo
470 3090 568 3139 tractu
581 3079 732 3140 sitaruml
754 3085 914 3143 Praeterea
927 3084 1083 3140 auctione
1097 3083 1199 3142 divitis
1216 3087 1303 3142 istius
1322 3101 1385 3141 non
1403 3081 1491 3139 valde

332 3181 432 3242 differt
449 3183 552 3254 Ιιενιιε,
578 3200 639 3263 quo
654 3193 706 3240 aut
716 3189 859 3263 propriae
879 3185 995 3243 1111111ιὲ1
1007 3205 1162 3264 possessor
1174 3185 1224 3265 (ut
1239 3187 1302 3245 Sat.
1317 3187 1349 3258 2,
1364 3189 1396 3258 2,
1411 3186 1491 3260 129,

332 3297 362 3344 et
376 3306 424 3364 ap.
444 3287 569 3349 Luciau.
603 3286 734 3346 Demon.
762 3291 811 3350 17.
835 3293 892 3352 τοῦ
914 3289 1074 3350 δακτυλίου
1096 3279 1256 3367 δεσπότης)
1281 3297 1334 3345 aut
1350 3287 1489 3345 dominus

331 3405 486 3446 servorum
502 3398 620 3446 caterva
638 3390 767 3467 iusignia
783 3410 911 3471 eamque
933 3391 971 3449 ob
991 3409 1113 3448 causam
1132 3393 1358 3468 potentissimus
1374 3390 1490 3469 signifi-

331 3501 424 3550 catur.
468 3491 519 3552 Sic
537 3489 845 3565 devastaturum,
862 3492 918 3567 18,
937 3494 990 3557 81.
1033 3491 1082 3552 Ad
1098 3495 1254 3551 notionem
1268 3511 1364 3573 quum
1380 3495 1490 3550 levita-

330 3595 387 3669 tis,
405 3604 471 3662 tum
483 3595 702 3652 inconstantiae
719 3591 891 3672 aagendam
912 3596 1049 3675 apprime
1068 3594 1142 3652 11111
1161 3595 1288 3654 verbum
1296 3595 1490 3673 sumtis,

331 3694 370 3754 de
389 3714 450 3776 quo
468 3695 538 3754 vids
559 3699 596 3755 A.
611 3697 690 3754 Geli.
708 3697 764 3772 16,
792 3693 841 3759 14.
861 3707 892 3754 11
913 3699 1041 3777 interpp.
1059 3693 1099 3754 ad
1115 3697 1201 3755 Paul.
1216 3699 1300 3755 Diae.
1313 3718 1342 3776 p.
1357 3696 1429 3758 596.
1441 3695 1490 3754 ed.

329 3797 469 3863 Iliadem.
506 3802 536 3858 ls
555 3809 659 3858 autem
675 3797 835 3874 domiuus,
864 3819 958 3880 quem
977 3808 1101 3879 repente
1121 3802 1207 3878 quasi
1225 3802 1316 3857 maris
1334 3798 1490 3856 fastidium

331 3905 426 3982 cepit,
446 3907 478 3960 in
494 3913 607 3961 terras
629 3902 708 3960 mari
722 3902 885 3960 remotiore
907 3903 1014 3960 villam
1033 3902 1117 3960 illico
1141 3904 1257 3960 exstrui
1274 3901 1368 3978 jubet.
1411 3903 1490 3958 Hinc

329 4006 384 4064 illa
399 4006 508 4064 vitiosa
522 4001 629 4074 111111,
649 4022 727 4084 quae
746 3999 833 4061 diviti
846 4022 948 4061 rerum
966 4022 1091 4063 suarum
1106 4001 1263 4063 fastidioso
1280 4005 1409 4082 auspicii
1423 4005 1490 4063 loco

329 4107 423 4166 luisse
447 4108 545 4167 facete
567 4103 686 4171 dicitur.
728 4105 809 4164 Cave
835 4107 929 4184 igitur
950 4103 1105 4185 epitheton
1128 4107 1236 4164 vitiosa
1259 4104 1300 4164 ad
1318 4108 1491 4183 crespies'um
1524 4155 1528 4162 .

330 4209 442 4269 referas
461 4230 502 4269 ex
522 4211 612 4270 solita
626 4208 851 4289 adjectivorum
868 4211 1116 4289 transpositione,
1146 4227 1239 4288 quam
1257 4208 1308 4267 hic
1323 4210 1492 4286 conjectura

330 4326 401 4370 saa:
423 4323 560 4385 ventoso,
571 4311 727 4394 repudiata
742 4312 801 4372 sibi
815 4313 968 4370 invenisse
984 4314 1068 4370 sisns
1082 4321 1128 4370 est
1137 4311 1358 4381 Marklandus,
1374 4331 1392 4368 a
1407 4312 1491 4388 cujus

330 4417 479 4472 sententia
491 4435 553 4476 non
566 4417 699 4474 multum
714 4411 877 4476 abhorrent
893 4413 1052 4473 Scirtari.
1070 4412 1168 4494 (Clas.
1187 4433 1221 4493 p.
1236 4412 1326 4493 206.)
1350 4413 1492 4470 1111111-

330 4517 405 4575 stius
418 4516 517 4598 (Glar.
531 4520 603 4579 llcr.
614 4516 647 4580 lu
660 4517 716 4598 r.).
744 4521 785 4577 At
802 4519 893 4577 verba
916 4518 970 4575 illa
989 4519 1110 4597 egregie
1122 4517 1314 4576 illustrantur
1332 4516 1387 4590 iis,
1414 4533 1493 4597 quas
