3450 5334
228 496 270 563 29
334 491 622 557 coMnnNTtnn
641 492 685 556 IN
703 492 875 557 HORATlI
888 493 999 561 ΗΒΑ.
1024 494 1147 560 EPIST.
1165 497 1286 561 TERT.
1325 494 1390 561 219

230 694 286 759 eat,
311 684 372 741 urei
392 683 517 741 accessit
532 680 730 762 philosophia
753 693 782 739 et
801 682 891 741 illum
905 684 1052 760 respirare
1065 704 1165 743 rerum
1181 698 1311 746 naturae
1322 710 1391 766 spe-

228 785 346 843 ctaculo
352 786 450 859 jussit
455 825 468 854 ,
489 794 518 841 et
530 806 552 842 a
566 786 690 842 tenente
703 784 818 843 dimisit
840 786 885 843 ad
897 785 1014 844 diviua.
1041 819 1085 829 -
1115 786 1245 865 Sapiens
1258 802 1393 849 macetu-

228 898 332 966 torqne
349 888 515 964 sapientiae
538 889 731 966 cogitationes
750 908 822 945 ersus
841 887 887 945 ad
904 886 1047 944 sublimia
1064 888 1202 947 intendit.
1238 891 1282 953 ld.
1295 892 1390 971 Epist.

228 987 280 1051 75.
330 988 454 1066 Optiinn
476 998 505 1045 et
525 1008 604 1046 noxa
628 990 764 1045 carentia
788 998 959 1066 exspectant
972 1008 1026 1045 nos
1037 1030 1050 1059 ‚
1070 992 1099 1047 ei
1111 1012 1147 1048 ex
1163 991 1224 1049 ίιαι·
1228 995 1317 1073 faece
1331 993 1391 1051 uli·

228 1090 351 1170 quundo
373 1092 407 1147 irs
426 1089 510 1148 titud
527 1090 684 1149 evadimus
697 1089 824 1147 sublime
839 1103 868 1147 et
880 1090 1047 1149 excelsum:
1069 1091 1276 1171 tranqniliitus
1294 1097 1393 1153 antor·

229 1204 256 1249 et
286 1191 417 1269 experiris
444 1190 592 1249 erroribus
617 1190 757 1251 absoluta
780 1191 913 1254 libertas.
959 1190 1046 1270 Diog.
1067 1188 1164 1253 Laert.
1182 1195 1218 1273 3,
1240 1197 1294 1261 63.
1327 1198 1392 1285 tite

228 1293 340 1375 (Plato)
369 1290 403 1356 δὲ
433 1294 547 1373 σοφίαν
573 1292 625 1355 ναί
652 1290 709 1374 τήν
738 1295 927 1372 φιλοσοφίαν
954 1298 1055 1368 sotei,
1092 1288 1194 1370 ὄρεξιν
1221 1288 1392 1380 cicestrie

228 1399 317 1471 θείας
338 1397 458 1474 σοφίας.
500 1393 546 1453 De
562 1395 699 1455 dictione:
732 1396 797 1473 Quo
810 1431 854 1441 —
868 1398 949 1468 ires,
980 1396 1100 1457 hadent
1110 1397 1205 1477 Epist.
1220 1402 1258 1479 2,
1278 1404 1316 1480 2,
1338 1402 1391 1467 37,

230 1502 265 1573 1,
288 1500 362 1559 bone
368 1543 380 1571 ‚
402 1518 460 1577 qno
475 1500 570 1555 virtue
585 1508 639 1555 ίιια
654 1508 682 1555 te
696 1510 792 1557 vocnt.

311 1602 347 1667 V,
367 1603 417 1664 28.
446 1600 517 1657 Hoc
529 1632 570 1645 -
588 1598 693 1678 ampli.
736 1599 770 1659 In
786 1618 845 1658 rem
863 1598 958 1678 Epist.
977 1601 1015 1677 1,
1037 1600 1073 1677 1,
1096 1601 1147 1664 25.
1197 1601 1287 1678 Quod
1297 1624 1392 1683 aeque

223 1703 412 1783 pauperibus
430 1700 563 1778 prodest,
588 1700 786 1780 locupletibus
807 1720 910 1780 neque.
927 1734 967 1747 -
975 1703 1073 1779 parvi
1088 1709 1119 1762 et
1136 1705 1254 1782 ampli,
1276 1712 1309 1765 nt
1327 1707 1390 1771 Sat.

230 1808 266 1883 2,
287 1808 327 1884 6,
352 1805 404 1868 95.
431 1804 539 1881 Neque
556 1801 622 1861 ullu
641 1814 685 1861 est
702 1806 772 1861 Ant
788 1824 902 1882 magno
918 1814 975 1860 unt
985 1824 1088 1881 parvo
1107 1804 1260 1886 letisrtga.
1300 1807 1392 1868 Recte

229 1912 324 1967 antem
358 1904 491 1965 Orelline
519 1924 547 1962 v.
570 1926 645 1983 opus
666 1908 703 1967 ad
728 1906 886 1982 actionem,
917 1906 1052 1963 studium
1075 1905 1113 1965 ad
1138 1908 1274 1989 θεωρίαν
1293 1911 1391 1988 refert,

229 2008 460 2069 dissentientibus
481 2008 563 2085 aliis,
585 2014 618 2066 nt
643 2006 805 2065 Chubotro:
829 2024 968 2084 „snmme
988 2025 1045 2086 ope
1065 2008 1204 2087 nitamur,
1224 2028 1262 2069 ne
1278 2014 1392 2072 morda-

229 2113 308 2173 cibus
320 2113 394 2171 curis
408 2110 570 2171 ambitionis
581 2116 611 2169 et
624 2108 790 2189 cupiditatis
800 2108 911 2167 animos
926 2115 1041 2169 nostros
1052 2110 1261 2171 contemnat
1281 2111 1346 2172 Alia
1361 2113 1391 2173 iu

229 2233 287 2273 rem
308 2215 394 2275 affert
413 2211 607 2281 Schmidiua‚
628 2211 676 2289 qui
696 2212 772 2271 idem
792 2231 821 2273 v.
841 2209 894 2273 29.
943 2212 982 2269 Si
997 2214 1121 2290 patries
1137 2244 1180 2257 ·-
1205 2215 1274 2271 cari
1290 2220 1393 2275 contra

229 2314 359 2375 Lambini
369 2314 646 2394 interpretationem:
671 2312 731 2371 sihi
748 2334 854 2371 carano
869 2332 931 2371 esse
951 2314 970 2373 i.
984 2333 1009 2373 e.
1021 2316 1145 2393 iucunde
1161 2323 1193 2374 et
1204 2315 1330 2376 hilariter
1348 2318 1392 2376 ri·

229 2436 313 2495 vere,
332 2418 487 2477 rectissime
500 2417 640 2497 disputat.
683 2417 729 2476 cf.
750 2415 840 2478 Orell.
884 2414 929 2476 De
951 2435 983 2475 re
1002 2417 1082 2496 ipsa,
1102 2436 1177 2494 quae
1195 2417 1241 2478 hic
1253 2420 1392 2499 praeeipi-

231 2526 292 2596 tnr,
313 2520 370 2579 vid.
384 2518 542 2581 Welund.
564 2516 788 2598 etIIabeffeld.
833 2518 1052 2579 Observandum
1067 2525 1162 2580 antem
1176 2527 1239 2599 est,
1256 2520 1301 2580 his
1321 2522 1391 2601 ipsis

230 2622 321 2681 verbis
334 2620 453 2681 Poetarn
464 2621 627 2699 qnosiviam
645 2620 700 2679 sihi
715 2622 753 2681 ad
767 2620 989 2682 reconciliandos
999 2622 1104 2683 amicos
1116 2622 1192 2682 inter
1201 2642 1234 2683 se
1251 2624 1392 2685 dissiden-

230 2732 273 2784 tes
287 2731 354 2804 apte
364 2724 523 2783 munivisse.

312 2825 348 2890 V.
364 2827 416 2889 30.
432 2827 483 2889 31.
518 2822 618 2883 Debes
640 2824 696 2882 hoc
713 2858 751 2867 -
770 2825 973 2883 rescindstru?
1013 2824 1110 2886 Schol.
1134 2826 1242 2904 (ἔποψ,
1268 2844 1391 2903 quocum

230 2928 371 2989 consenh't
390 2926 504 3005 Acron,
525 2928 644 2999 „Mire
652 2968 664 2997 ,
689 2925 797 3004 inquit,
818 2931 909 3006 qnasi
928 2928 1019 2984 είὶανη
1039 2926 1121 2985 alim
1134 2948 1245 2985 curcsue
1256 2928 1391 2987 scriben-

230 3032 287 3089 dae
312 3032 393 3100 sint,
422 3049 516 3110 quum
543 3026 832 3087 reconciliatam
876 3028 1014 3088 Horatius
1032 3028 1138 3105 igitur,
1167 3034 1200 3088 nt
1223 3046 1320 3088 eorum
1344 3038 1390 3091 eat

229 3132 341 3211 opinio,
360 3132 414 3191 hac
426 3131 557 3211 Epistola
577 3136 645 3191 ante
662 3129 756 3189 omnia
772 3130 802 3188 id
812 3131 889 3208 egit,
910 3136 943 3188 nt
961 3130 1079 3189 Florum
1095 3135 1126 3189 et
1141 3129 1319 3210 Munatium,
1339 3135 1390 3211 qni

229 3234 387 3293 simultates
408 3235 530 3312 odisque
550 3235 689 3310 quaedam
709 3238 886 3307 exercerent,
906 3232 1113 3309 rewadiaret,
1137 3233 1174 3291 de
1194 3252 1252 3311 qua
1274 3253 1306 3293 re
1325 3234 1391 3294 iicet

230 3336 361 3397 dubitari.
404 3338 568 3395 Munatius
589 3335 651 3393 sine
667 3333 753 3393 dubio
774 3334 829 3393 init
846 3334 919 3393 iilius
941 3332 977 3400 L.
994 3333 1117 3394 Munatii
1133 3333 1246 3415 Planci,
1267 3339 1390 3397 consulis

229 3458 256 3499 a.
278 3440 318 3499 U.
336 3440 371 3501 C.
388 3440 471 3517 712,
492 3441 536 3497 cui
554 3438 693 3497 Horatius
710 3436 853 3515 inscripsit
870 3437 929 3499 od.
954 3437 989 3515 1,
1007 3439 1038 3499 7.
1082 3438 1140 3507 Qui
1157 3440 1290 3515 qnoniam
1311 3442 1390 3521 apud

229 3539 392 3618 Augustum
415 3538 533 3599 multum
557 3540 651 3618 gratia
673 3539 762 3601 istun
785 3547 815 3600 et
831 3538 1017 3615 anctoritate,
1048 3540 1151 3599 mirum
1169 3560 1228 3599 non
1248 3546 1309 3619 est,
1329 3543 1390 3619 ejus

229 3641 317 3701 filium
332 3642 419 3701 fuisse
439 3644 468 3700 in
483 3641 590 3703 Tiberii
604 3642 731 3703 cohorte.
773 3644 823 3702 Sic
834 3649 911 3702 recte
924 3661 988 3700 curn
1002 3641 1063 3701 aliis
1076 3642 1179 3700 statuit
1201 3642 1391 3702 Weictsertus

229 3742 249 3803 l.
272 3743 292 3802 l.
316 3765 348 3823 p.
369 3744 443 3806 877.
486 3745 659 3806 Scholiastes
680 3750 775 3805 antem
796 3744 915 3823 Crriquii
935 3762 1000 3802 enm
1021 3744 1108 3804 hahet
1124 3764 1177 3824 pro
1197 3744 1285 3805 tratre
1303 3745 1391 3824 Flori,

229 3846 322 3907 verbis
338 3869 367 3905 r.
382 3846 425 3909 33
440 3847 563 3927 indigni
573 3849 751 3928 fraternum
765 3868 903 3926 rumpere
907 3846 1021 3927 foedus
1031 3846 1175 3905 inductus.
1215 3846 1392 3907 Scholiastae

230 3950 401 4009 sententiam
421 3955 580 4025 sequuntur
600 3949 781 4027 Lambinus,
803 3953 887 4009 Min.
899 3993 913 4022 ,
938 3946 1053 4017 Chala,
1075 3948 1159 4006 Duc.
1181 3953 1228 4027 et,
1247 3950 1391 4025 quomodo

230 4070 290 4110 rem
305 4051 459 4131 expediat,
484 4052 607 4110 incertus
629 4050 725 4111 haeret
749 4052 924 4114 Matttmin
951 4052 1045 4129 iiigc
1065 4049 1175 4127 Opurc.
1192 4055 1248 4109 etc.
1269 4070 1300 4128 p.
1317 4046 1390 4114 425.

229 4150 272 4211 At
292 4155 354 4230 quis
378 4161 441 4233 est,
470 4155 518 4231 qui
536 4154 757 4234 metaphoricam
775 4174 836 4216 voc.
851 4155 985 4233 fratem.
1007 4152 1242 4229 significationem
1256 4150 1392 4231 ignoret?

230 4254 332 4315 Fusius
351 4257 388 4315 de
406 4276 441 4317 ea
457 4276 488 4316 re
509 4256 643 4317 oiimdixi
658 4255 851 4335 adEpist.1,
867 4255 924 4332 10,
945 4250 975 4313 4.
990 4272 1021 4331 p.
1037 4255 1089 4316 11.
1107 4288 1152 4303 —
1166 4252 1391 4325 eittibicrnne,

231 4356 391 4439 urvis,
414 4359 451 4437 1,
472 4358 522 4421 19.
568 4356 632 4417 ttta
644 4358 722 4417 mitri
735 4360 861 4439 refferet,
884 4356 1140 4414 simetrimrstuu
1156 4376 1232 4415 cura
1248 4368 1301 4417 eet.
1336 4355 1392 4415 An

149 4536 154 4551 ⁸
232 4462 349 4533 minor,
370 4482 413 4519 an
427 4470 486 4518 toto
493 4472 615 4538 pectore
630 4460 799 4525 deciderisn.
842 4460 929 4519 ovid.
945 4457 1062 4517 Heroid.
1084 4459 1143 4537 17,
1166 4458 1237 4522 160·
1281 4460 1325 4517 Et
1337 4458 1393 4517 tibi

233 4562 273 4619 eit
292 4584 382 4622 curae
413 4565 518 4623 motu
540 4562 660 4643 hospes,
679 4567 733 4629 ait.
753 4596 798 4611 --
815 4562 851 4624 In
868 4560 975 4623 verbim
995 4580 1038 4619 an
1053 4559 1391 4633 nmis—rescinditur,
