3450 5334
229 520 271 585 57
344 514 632 579 COMMENTARII
644 516 689 578 IN
703 513 993 580 nonnullum.
1011 512 1136 576 EPIST.
1149 514 1264 583 SEXT.
1328 512 1393 579 329

227 706 325 767 Pison.
342 705 393 770 56.
438 705 524 774 Quod
546 704 687 763 Graevius
708 704 746 763 de
765 704 851 763 animi
868 705 999 782 pondere
1019 704 1125 763 dietum
1145 709 1238 783 putat,
1259 703 1290 761 id
1315 704 1392 763 Gea-

228 830 320 869 nerua
337 809 376 867 ad
397 808 527 887 corporis
543 807 657 885 pondus
674 808 783 883 refert,
809 812 843 866 ut
863 808 902 865 sit
923 806 1161 885 transponam
1181 806 1256 867 ultra
1273 806 1393 884 aequili-

228 913 321 972 brium
340 912 470 989 corporis
491 928 555 968 cum
574 908 701 987 periculo
723 911 854 985 audendi,
875 912 905 968 in
927 928 1011 988 quam
1028 929 1088 969 rem
1109 910 1207 969 laudat
1221 910 1306 968 ovid.
1319 909 1390 968 lllet.

230 1017 262 1090 1,
286 1013 338 1075 13.
359 1012 445 1089 [adde
461 1011 523 1070 Cic.
540 1009 623 1069 Arat.
644 1010 707 1089 22]
749 1012 787 1071 Ei
806 1013 999 1071 assentiuntur
1021 1010 1154 1070 Bothius
1174 1012 1216 1089 (in
1232 1010 1338 1071 Annot.
1354 1011 1391 1071 ad

230 1116 329 1190 Fam,
349 1115 403 1173 sed
422 1122 545 1174 mentem
563 1113 682 1173 mutavit
698 1114 729 1172 in
749 1116 796 1173 ed.
809 1112 958 1193 Gesneri),
984 1113 1159 1172 Gmebelius
1177 1112 1307 1192 (laudans
1328 1116 1391 1173 Cic.

229 1240 274 1299 pr.
297 1218 393 1277 Plane.
417 1216 494 1297 10.)‚
525 1215 722 1274 Schinaelu'ua
742 1220 773 1275 et
792 1218 838 1275 M.
864 1215 908 1275 A.
933 1216 1118 1275 Ilitsschiua
1138 1216 1181 1296 (in
1201 1216 1391 1277 commentat.

227 1324 259 1383 in
285 1321 388 1383 Horat.
413 1318 480 1378 Lib.
501 1318 525 1377 Ι.
549 1320 644 1397 Epist.
666 1317 724 1395 vl,
756 1336 785 1376 v.
807 1317 859 1382 51.
886 1317 994 1381 Dresd.
1025 1340 1042 1379 e
1068 1318 1264 1397 typograpbeo
1295 1320 1331 1378 C.
1351 1320 1389 1378 G.

229 1425 390 1484 Gaertneri.
410 1423 473 1480 sine
493 1421 605 1500 anna).
640 1419 832 1499 Brieglebius
853 1428 995 1483 extremae
1016 1421 1188 1481 conditionis
1212 1420 1339 1480 homines
1360 1428 1392 1479 ut

228 1526 339 1604 bajidos
360 1522 535 1601 significatos
557 1526 697 1602 opinatur.
728 1524 865 1586 Similiter
881 1524 1014 1583 Iahnius
1030 1524 1116 1584 sentit
1133 1542 1178 1600 ea,
1198 1542 1295 1601 „quae
1314 1526 1392 1601 ejus-

228 1628 306 1688 modi
324 1628 411 1685 homo
432 1626 555 1685 humeris
577 1628 669 1685 fert.“
705 1627 752 1685 Cf.
776 1626 879 1707 Leipn.
898 1625 958 1687 Lit.
978 1628 1053 1686 Zeit.
1079 1626 1173 1692 1825.
1192 1626 1233 1685 N.
1257 1626 1328 1689 180.
1365 1623 1391 1685 Α

229 1730 331 1810 quibus
349 1747 408 1788 non
424 1728 542 1786 multum
559 1728 682 1787 dissidet
705 1725 868 1786 Seabodius
875 1772 888 1801 ,
923 1730 1055 1790 tribulem
1073 1728 1214 1806 quendam
1229 1728 1391 1807 intelligens

227 1833 374 1905 rusticum,
396 1850 492 1907 quem,
513 1851 599 1908 quum
623 1833 732 1890 tructus
754 1848 789 1889 ex
804 1848 870 1890 rure
887 1834 916 1890 in
938 1831 1036 1891 urbem
1052 1836 1182 1911 portatos
1203 1850 1306 1890 venum
1322 1850 1391 1908 pro-

227 1942 326 2015 ponat,
348 1933 515 1991 candidatus
532 1932 580 1990 ille
599 1933 781 2011 perofficiose
801 1937 887 1995 adeat
906 1940 992 2011 atque
1010 1934 1159 1993 humiliter.
1203 1933 1236 1992 Iu
1256 1938 1391 2011 promptu

227 2046 324 2097 autem
340 2041 396 2111 est,
417 2054 474 2111 qua
493 2038 591 2094 mente
615 2033 750 2093 stius
770 2038 857 2095 verba
877 2038 919 2095 sic
941 2038 1068 2096 ordinet:
1090 2044 1213 2114 „cogat
1228 2044 1266 2092 tr.
1282 2034 1375 2113 pond.
1379 2077 1391 2105 ‚

227 2140 249 2197 i.
274 2158 302 2197 e.
329 2157 430 2197 servus
457 2145 527 2214 agat
548 2138 728 2196 candidatum
746 2144 827 2197 trans
849 2139 1012 2218 pondera.“
1060 2136 1192 2197 Orellius
1212 2144 1306 2198 autem
1329 2157 1390 2196 om-

229 2240 307 2300 nium
325 2239 559 2316 simplicissimam
575 2239 662 2299 babet
678 2258 741 2298 eam
762 2242 997 2321 explicationem,
1017 2240 1047 2299 in
1068 2260 1152 2319 quam
1172 2241 1302 2299 inciderit
1321 2240 1391 2297 Lu.

225 2344 313 2421 pirae,
337 2347 370 2399 ut
386 2340 522 2418 pondera
542 2342 734 2421 intelliguntur
750 2343 890 2423 propolae
910 2344 1054 2419 cujusdam
1074 2344 1104 2401 in
1124 2343 1244 2401 taberna
1263 2342 1391 2401 sedentis

229 2450 383 2525 apparatus
403 2444 561 2521 ponderum
576 2464 610 2504 ao
630 2465 840 2518 mensurarum
860 2451 971 2506 ceteras
988 2447 1062 2503 enim
1078 2446 1198 2504 refutari
1214 2444 1282 2503 dicit
1297 2444 1391 2523 primo

227 2557 347 2628 aspectu
365 2544 502 2605 tabernae
523 2545 716 2626 Pompejanae
735 2549 766 2608 in
783 2548 859 2611 Mus.
887 2548 1016 2607 Borbon.
1037 2547 1102 2605 Vol.
1123 2548 1160 2605 X.
1181 2552 1251 2624 post
1272 2543 1391 2603 volumi-

228 2653 273 2710 nis
288 2651 418 2709 indicem.
463 2648 537 2706 Cum
557 2648 600 2708 his
622 2652 659 2709 cf.
680 2650 846 2709 Ascanius
864 2652 902 2709 ad
922 2650 952 2709 lr.
972 2649 1014 2727 l.‚
1037 2650 1185 2709 Luisinns
1204 2648 1335 2725 (Parerg.
1358 2646 1391 2721 3,

228 2751 280 2816 41.
300 2754 331 2811 in
352 2752 436 2809 Grut.
457 2748 559 2830 Lamp.
583 2754 645 2811 crit.
664 2753 713 2815 111.
736 2774 767 2831 p.
790 2753 876 2831 509.)
897 2759 929 2811 et
958 2754 1053 2810 aaran
1074 2754 1112 2812 ad
1132 2752 1252 2810 Nemes.
1275 2750 1337 2809 Ecl.
1361 2750 1391 2823 1,

229 2853 301 2929 51.,
332 2852 381 2913 ubi
408 2852 608 2913 Burmannus
635 2854 729 2915 locum
755 2854 942 2913 Horatianum
968 2874 1000 2912 se
1026 2852 1185 2930 intelligere
1212 2858 1308 2928 negat.
1353 2848 1392 2910 At

230 2974 316 3033 quum
336 2954 451 3016 difficile
467 2957 517 3033 sit,
536 2976 598 3015 rem
616 2962 675 3015 tam
695 2957 845 3015 obscuram
866 2962 896 3015 et
912 2956 1081 3033 antiquitate
1105 2954 1235 3013 obrutam
1255 2952 1392 3009 illustrem

230 3058 368 3134 reddere,
400 3059 461 3135 ejus
489 3058 678 3136 explanationi
700 3076 893 3138 quaecumque
915 3066 959 3117 est
987 3076 1022 3117 ex
1048 3057 1165 3135 ingenio
1194 3054 1315 3133 quisque
1345 3052 1390 3112 vel

230 3161 325 3221 demat
341 3160 391 3220 vel
412 3161 499 3223 addat
519 3161 622 3220 fidem!

313 3262 348 3321 V.
370 3259 519 3327 5244.
562 3263 629 3320 Hie
649 3260 780 3321 multatas
793 3260 933 3321 -ebum
979 3256 1090 3321 Tribus'
1108 3256 1237 3329 Fabiae,
1258 3257 1289 3317 in
1307 3275 1391 3335 quam

229 3365 383 3444 adoptatus
403 3371 466 3425 erat
485 3363 644 3444 Augustus,
663 3368 769 3425 mentio
789 3365 825 3425 fit
846 3385 865 3425 a
885 3366 1005 3424 Suetou.
1024 3365 1053 3423 in
1073 3362 1131 3422 vit.
1152 3361 1228 3439 Aug.
1240 3355 1304 3436 10,
1331 3359 1392 3419 Ve-

228 3468 311 3527 linae
330 3486 348 3526 a
367 3467 509 3527 Cicerone
526 3470 563 3527 ad
586 3466 673 3526 Attio.
685 3463 717 3544 4,
740 3466 792 3545 15,
816 3471 848 3531 7.
862 3474 893 3527 et
913 3486 930 3525 a
953 3466 1054 3526 Persio
1073 3465 1104 3542 5,
1125 3466 1177 3527 73.
1190 3463 1272 3543 (ibiq.
1284 3460 1388 3523 Hauth.

228 3592 257 3651 p.
267 3570 357 3651 330)
397 3568 552 3627 Libertate
572 3591 648 3649 opus
670 3581 732 3644 est;
755 3590 816 3628 non
836 3569 910 3643 hae,
931 3580 965 3629 ut
982 3571 1109 3650 quisque
1133 3564 1167 3626 V
1164 3567 1246 3625 elim
1260 3563 1392 3625 Publius

228 3676 363 3740 emeruit.
404 3674 438 3733 ln
463 3672 559 3733 verbis
585 3694 668 3751 seqq.
690 3673 859 3733 describitur
880 3674 981 3733 tertius
1002 3673 1117 3750 quidam
1138 3676 1167 3730 et
1186 3668 1270 3728 bomo
1291 3666 1391 3748 plebe·

226 3778 284 3854 jus,
304 3778 352 3854 qui
372 3780 410 3837 ad
429 3776 574 3837 arbitrium
594 3794 719 3834 summos
738 3778 922 3855 magistratus
943 3776 986 3835 cui
1009 3774 1078 3833 libet
1098 3779 1148 3831 aut
1166 3773 1216 3831 dat
1230 3776 1280 3829 aut
1293 3773 1392 3847 negat,

229 3877 267 3934 ob
288 3877 362 3936 hane
381 3881 494 3956 quidem
513 3899 575 3940 rem
595 3879 805 3954 importunus,
840 3880 905 3939 i.e.
927 3896 987 3937 nou
1007 3884 1067 3936 tam
1087 3876 1162 3952 „sui
1176 3875 1266 3951 juris,
1301 3874 1392 3947 serus,

228 3978 330 4056 tler‚“
353 3986 385 4039 ut
406 3982 528 4060 explieat
543 3984 656 4041 Bauer.
677 3982 716 4040 ad
736 3981 836 4039 Sanct.
861 3980 983 4040 Minerv.
1006 3979 1040 4039 Il.
1063 3998 1093 4057 p.
1115 3978 1199 4051 317„
1221 3974 1267 4033 vel
1288 3973 1392 4050 „assi-

229 4083 320 4156 duns‚
340 4081 504 4159 sedulus‚“
533 4091 566 4143 ut
587 4084 762 4159 Juvenum,
794 4102 879 4161 quam
899 4081 1113 4156 incommodus,
1142 4079 1326 4147 inhumanus3
1356 4076 1390 4133 C.

228 4180 354 4243 Passov:
387 4186 641 4260 „unerbittlich;“
669 4186 775 4245 Orell.:
801 4192 951 4265 „propter
973 4184 1169 4245 morositatem
1196 4179 1392 4241 incommodus

229 4292 260 4345 et
286 4284 488 4364 inexorabilis,
520 4290 721 4368 Trotakopf.“
764 4286 810 4348 De
837 4289 892 4346 boc
916 4308 981 4346 voc.
1004 4289 1134 4346 dixenmt
1158 4282 1333 4342 Schmidiue
1354 4280 1392 4339 ad

228 4386 257 4445 b.
277 4388 297 4452 1.
314 4386 427 4445 Lamb.
452 4390 490 4447 ad
512 4392 569 4450 0d.
587 4392 619 4467 3,
642 4391 694 4466 16,
711 4392 764 4454 87.
789 4395 820 4449 et
840 4389 941 4448 Klotz.
961 4390 998 4449 ad
1017 4390 1078 4447 Cic.
1097 4385 1180 4445 Lael.
1201 4385 1253 4462 15,
1272 4378 1322 4447 54.
1343 4384 1390 4443 ed.

227 4488 264 4548 B.
285 4490 331 4549 cf.
352 4491 436 4550 cort.
459 4493 497 4550 ad
521 4494 637 4553 Sallust.
658 4494 724 4571 lug.
747 4494 810 4570 31,
842 4494 893 4557 22.
922 4491 959 4549 nd
985 4491 1047 4549 Cic.
1069 4489 1163 4566 Epist.
1191 4489 1230 4546 ad
1251 4485 1319 4546 niv.
1339 4486 1390 4559 12,

230 4592 282 4668 12,
299 4592 330 4655 5·
355 4593 408 4670 15,
429 4590 533 4671 4,11.
576 4596 711 4656 Similiter
731 4598 790 4656 Cio.
811 4614 857 4675 pr.
880 4595 962 4655 Sext·
985 4594 1037 4672 13,
1060 4589 1111 4659 29·
1159 4590 1245 4669 Quid
1261 4588 1318 4659 hoo
1336 4586 1392 4646 Ῐιο-
