3450 5334
618 514 916 583 eleotherio.
1302 531 1351 579 xv

194 717 429 788 rarissimorum
450 719 622 808 utpotene
646 720 679 788 in
701 717 850 794 llleneho
868 714 996 810 quidem
1018 712 1305 786 ohlitscherlichio
1318 722 1353 786 et

193 855 412 948 Schweigero
432 851 643 924 indiootsrum
671 857 837 926 variantes
856 855 1014 924 lectiones
1037 873 1163 921 summo
1182 827 1353 948 diligentis

194 997 225 1062 in
245 1013 351 1062 meum
372 985 465 1060 usum
479 993 645 1083 excerpsit
659 989 724 1060 ln.
742 989 970 1076 Sohusidius‚
993 991 1027 1058 in
1044 991 1166 1083 optimc
1182 993 1294 1062 tullum
1304 993 1352 1060 li-

194 1133 321 1202 brorum
357 1129 559 1220 supellectile
588 1132 793 1201 constitutus.
854 1125 927 1200 Sed
954 1127 997 1197 de
1023 1128 1076 1196 his
1099 1129 1245 1198 omnihou
1278 1126 1353 1220 quid

194 1267 348 1360 sentium,
369 1265 472 1336 libere
495 1265 633 1336 ictehor.
669 1266 840 1338 Editiones
863 1273 995 1336 veteres
1011 1267 1258 1357 qualescumque
1278 1272 1354 1336 sunt

195 1409 314 1498 optime
330 1404 512 1475 inserviunt
532 1406 581 1473 rei
594 1405 779 1496 literaria,
801 1404 917 1495 quippe
932 1423 1014 1494 quse
1029 1411 1154 1474 textum
1171 1403 1227 1474 vel
1241 1423 1354 1473 veroum

194 1543 247 1614 rel
259 1541 474 1636 deprensum
492 1541 644 1635 deinceps
659 1542 845 1612 exhibeant.
898 1541 938 1612 lo
955 1562 993 1612 re
1014 1549 1123 1612 cutem
1136 1542 1247 1611 critice
1260 1549 1355 1610 ceute

195 1686 269 1752 sunt
283 1678 503 1770 adhihendoep
527 1677 742 1773 quopropter,
759 1683 821 1750 nisi
838 1682 905 1749 clio
920 1680 995 1750 fidei
1008 1686 1173 1752 momento
1184 1679 1353 1770 secedunt,

195 1838 258 1888 non
280 1821 413 1888 rnovent
427 1817 491 1886 mei
508 1816 634 1908 quidem
649 1818 762 1907 judicii
776 1821 942 1889 trutinam.
993 1818 1040 1888 At
1054 1840 1148 1908 quum
1165 1818 1256 1886 nohis
1272 1839 1355 1909 pro·

195 1957 435 2047 posuissemus,
462 1960 498 2023 nt
517 1956 608 2044 qussi
625 1955 795 2025 historiam
811 1955 972 2048 quendem
986 1963 1098 2027 textus
1116 1954 1355 2045 exhiberemus,

197 2113 259 2162 non
277 2093 385 2184 potui,
406 2093 479 2183 quin
496 2091 617 2182 etipse
632 2113 732 2185 scope
751 2056 925 2165 editionum
944 2093 1061 2163 mendo
1081 2092 1268 2161 indicarem.
1303 2092 1357 2162 Ile

197 2227 258 2298 heo
276 2228 403 2320 quiden
422 2250 460 2298 re
477 2231 501 2298 ii
516 2227 679 2323 judicent,
703 2251 805 2324 penes
827 2254 908 2326 quos
928 2237 980 2302 est
1001 2231 1113 2301 talium
1134 2251 1245 2300 rerum
1260 2228 1356 2318 jndi-

197 2369 279 2436 eium
307 2373 406 2458 atquo
434 2373 593 2460 potestus.
643 2368 697 2439 Ile
728 2367 859 2440 iurniliis
887 2368 1051 2460 codicum,
1088 2369 1118 2436 si
1152 2388 1236 2459 quoe
1268 2373 1356 2458 sunt,

198 2503 320 2578 dicetur
346 2505 441 2574 elios.
506 2499 577 2575 Sed
605 2506 690 2596 quod
724 2515 801 2578 ente
833 2507 1035 2601 significavi,
1078 2503 1177 2594 hujus
1202 2505 1267 2575 loci
1294 2505 1356 2599 sit,

198 2643 242 2713 ite
272 2643 400 2714 utillo
427 2641 579 2711 editionis
607 2641 788 2735 lipsiensis
823 2644 1018 2739 descriptio,
1057 2663 1152 2736 quesn
1184 2640 1359 2711 Bardilio

198 2779 315 2851 dehent
336 2799 448 2851 ornnes
471 2781 521 2848 rei
540 2778 708 2850 literariee
731 2781 869 2855 studiosi
890 2790 986 2875 etque
1006 2781 1251 2873 intelligentes,
1277 2781 1358 2872 ipsis

198 2919 269 2988 Viri
286 2917 462 2990 doctissimi
481 2916 589 2987 verbis
611 2921 874 2991 transscrihotur.
925 2919 1028 3015 „lus
1042 2917 1242 3009 Exemplar,
1267 2916 1359 2985 wel-

198 3057 276 3126 ches
298 3053 352 3124 ich
373 3075 436 3124 vor
461 3054 524 3124 mir
547 3053 651 3148 hehe,
678 3057 821 3149 gehlirte
846 3055 920 3126 dem
948 3057 1155 3149 ehemaligen
1182 3051 1359 3123 Professor

199 3189 351 3282 Seyhold
375 3213 417 3261 nu
437 3191 610 3284 'l'ihingen
631 3192 699 3262 und
718 3196 763 3264 ist
782 3215 849 3264 von
871 3194 939 3264 ihm
958 3201 1070 3264 uuerst
1089 3195 1122 3263 in
1143 3193 1250 3261 einem
1269 3189 1359 3260 Pro·

199 3349 326 3424 grumos
353 3329 434 3398 iiber
460 3327 514 3397 die
540 3327 639 3400 dritte
659 3329 730 3401 0de
759 3331 818 3401 des
841 3331 961 3402 dritten
987 3330 1119 3403 linches
1146 3351 1212 3401 von
1231 3305 1380 3421 florens

200 3463 381 3537 Grdnstedt
398 3463 510 3535 1778.
527 3465 564 3536 4.
587 3467 653 3538 und
668 3468 754 3540 noch
769 3489 918 3563 genoner
935 3469 969 3539 in
985 3467 1060 3539 dem
1073 3468 1269 3561 Programm
1280 3467 1360 3536 dher

200 3604 264 3675 den
277 3603 402 3673 llorsn.
421 3601 586 3673 Ehendus.
607 3604 719 3676 1779.
735 3605 772 3676 4.
790 3607 1001 3677 heschriehen
1014 3605 1164 3676 worden.
1184 3601 1225 3676 S.
1239 3600 1358 3672 llorot.

200 3740 254 3812 ed.
275 3739 408 3810 hlitsch.
430 3747 510 3810 tom.
529 3741 558 3810 1.
579 3765 613 3835 p.
636 3741 755 3812 LXIX
773 3743 840 3814 nnd
858 3743 981 3816 Hurles
1006 3741 1177 3837 Supplem.
1198 3741 1243 3810 ed
1267 3741 1360 3808 hren.

200 3880 294 3949 notit.
309 3878 444 3947 litierot·
463 3875 563 3948 Rom.
580 3887 659 3950 wm.
674 3881 704 3950 1.
720 3903 754 3974 p.
775 3881 995 3952 409-411.
1046 3879 1096 3952 Es
1113 3882 1158 3949 ist
1176 3876 1278 3948 durch
1297 3875 1360 3945 den

201 4013 404 4085 Buohhinder
431 4016 465 4082 in
486 4035 574 4108 genn
598 4017 795 4090 verkehrter
822 4019 983 4112 ordnung
1006 4017 1200 4113 gehunden‚
1228 4013 1297 4084 und
1317 4013 1361 4083 dc

202 4152 314 4222 weder
326 4151 431 4223 ilhert
447 4153 532 4224 noch
545 4153 633 4224 llein
648 4155 757 4226 dieser
773 4158 932 4252 Aruguhe
946 4154 1142 4247 erwihnen,
1165 4175 1204 4224 so
1219 4153 1290 4222 will
1308 4150 1361 4223 ich

202 4289 273 4359 hier
289 4293 361 4360 eine
382 4312 470 4384 genn
491 4311 621 4386 genere
637 4292 885 4389 Besohreihung
907 4293 1078 4363 derselhen
1097 4291 1214 4384 iolgen
1233 4291 1361 4383 lescen,

203 4425 329 4496 welche
349 4423 410 4498 Sic
437 4430 605 4500 vielleioht
631 4431 682 4500 hei
701 4430 761 4500 der
782 4427 970 4504 Seitenheit
991 4429 1051 4498 des
1072 4427 1203 4500 Buches
1227 4431 1262 4499 in
1282 4429 1362 4499 llnre

204 4559 444 4659 llonogrsphie
458 4565 653 4639 outnehuen
667 4567 816 4640 werden.
867 4565 922 4640 llo
938 4568 992 4640 ich
1009 4563 1099 4640 nieht
1120 4571 1243 4639 wissen
1256 4567 1361 4659 hon,
