3450 5334
228 544 272 610 99
334 542 621 608 consumant!
642 544 686 607 ΙΝ
705 544 873 609 nostru
893 544 968 609 LlB.
982 546 1005 609 1.
1019 546 1144 609 EPIST.
1160 548 1272 613 SEPT.
1321 546 1383 615 371

232 732 348 808 81612,
370 732 422 798 29.
466 731 578 793 Contra
602 731 779 792 Gmebsliss
798 752 834 795 ex
853 734 899 795 lris
920 736 1014 797 verbis
1034 737 1077 817 (p.
1091 738 1138 817 3.)
1158 738 1283 817 conjicit,
1304 739 1386 799 Illae-

231 843 363 895 cenatem
380 835 411 893 iu
431 834 555 914 epistole
573 834 622 893 illa
641 838 679 894 ud
695 838 848 897 Horatium
874 838 962 899 missa
983 844 1014 899 et
1033 842 1113 919 gruri
1135 841 1256 919 quadam
1277 840 1386 903 benefi-

232 941 342 999 ciorum
355 937 393 997 ab
406 939 472 1016 ipso
486 944 671 1015 acceptorum
690 938 910 1018 exprobratione
931 942 1017 1021 plens
1029 942 1201 1003 mationem
1216 943 1297 1022 hujus
1313 964 1386 1021 quo-

232 1062 289 1123 que
308 1040 433 1117 subulae,
452 1059 539 1118 quam
556 1042 698 1119 integrum
712 1042 850 1101 Horatius
866 1042 912 1101 hic
930 1046 1142 1123 interposuerit,
1162 1045 1304 1125 injecisse.
1348 1043 1387 1105 nt

233 1148 305 1206 fides
332 1147 414 1223 hujus
440 1144 481 1202 rei
507 1162 598 1221 peaes
628 1145 719 1203 vimm
745 1145 944 1205 doctissimum
972 1148 1020 1207 sit.
1062 1146 1109 1207 De
1129 1165 1157 1205 v.
1179 1148 1313 1226 brugiae
1332 1166 1386 1225 pro

231 1249 329 1308 166616
346 1245 510 1306 Schmidius
526 1246 624 1305 laudat
644 1246 706 1306 Set.
729 1250 765 1324 2,
783 1247 825 1324 3,
846 1246 921 1311 320.
943 1252 974 1307 et
992 1248 1095 1307 Seuec.
1116 1248 1210 1328 Epist.
1231 1252 1282 1314 72.
1328 1248 1387 1307 So·
1414 1242 1437 1322 ’,

231 1348 314 1409 lebat
330 1348 455 1408 Atticus
473 1345 535 1405 Irae
552 1348 687 1427 magius
706 1350 771 1406 uti:
805 1349 919 1408 Vidisti
936 1348 1105 1430 66666666
1126 1370 1231 1411 sanem
1251 1354 1344 1409 missa
1365 1372 1386 1409 a

230 1450 352 1509 666666
361 1451 467 1529 snecta
484 1451 578 1527 punis
597 1460 701 1529 aperto
716 1470 766 1509 ors
779 1452 976 1530 captantem?
992 1486 1029 1499 -
1047 1464 1157 1511 cuncta
1170 1454 1303 1533 resrgrno,
1325 1455 1345 1513 i.
1355 1474 1382 1513 e.

228 1554 339 1628 reddo,
375 1552 459 1629 quasi
478 1550 698 1630 chirographum
718 1551 811 1612 solvo.
853 1552 918 1614 Vrd.
941 1555 1029 1615 Torr.
1051 1558 1089 1615 ad
1108 1574 1136 1615 v.
1159 1557 1189 1618 9.
1212 1562 1243 1615 et
1262 1555 1379 1617 lilitsclr.

227 1659 265 1715 ad
287 1656 345 1715 06.
364 1654 403 1729 3,
434 1653 495 1731 29,
523 1654 574 1717 63.
602 1656 721 1735 resigno
742 1674 821 1735 qums
840 1654 935 1717 dedit.
976 1658 1060 1718 Hanc
1078 1658 1316 1737 significationem
1337 1678 1384 1719 re-

227 1763 334 1837 speum
356 1754 517 1835 Xylander
537 1764 568 1815 et
595 1758 767 1817 serratum
775 1800 788 1828 ‚
823 1761 869 1818 eui
889 1759 1004 1837 quidem
1024 1760 1179 1839 resignare
1207 1768 1253 1819 est
1273 1762 1383 1821 irritum

225 1860 323 1918 lacere
344 1859 421 1936 quod
444 1865 626 1917 convenerat.
670 1860 749 1920 Nam
773 1861 850 1920 bona
871 1864 993 1922 reddere
1014 1862 1106 1937 velle,
1141 1860 1243 1939 quibus
1264 1862 1384 1922 Poetsru

224 1962 374 2021 donaverit
392 1960 565 2035 Maecenas,
586 1980 680 2037 neque
699 1962 764 2040 ipso
782 1982 848 2023 esse
871 1966 988 2043 dignum
1009 1984 1103 2043 neque
1123 1964 1311 2039 Maecenate,
1329 1966 1383 2023 sed

224 2065 375 2125 Horatium
404 2062 606 2141 splendorem,
644 2061 768 2123 honores
792 2074 823 2126 et
843 2086 918 2145 quae
940 2064 986 2123 alii
1006 2066 1037 2124 iu
1056 2066 1114 2125 vita
1134 2066 1245 2125 urbane
1270 2066 1382 2125 maximi

225 2167 346 2242 incisut,
381 2166 509 2223 aversari
527 2164 602 2224 velle
621 2164 756 2244 ultroque
774 2167 810 2226 iis
837 2186 946 2227 csrere.
990 2165 1047 2243 nt,
1080 2188 1098 2226 o
1126 2166 1212 2245 boui,
1243 2188 1381 2245 quorsum

225 2268 297 2327 illud
315 2288 455 2346 reponere
469 2286 497 2324 v.
519 2263 596 2327 392
616 2264 709 2325 Porro
729 2288 766 2328 ue
785 2272 851 2347 quis
870 2270 939 2330 talia
958 2270 1066 2329 uostris
1087 2269 1214 2331 moribus
1237 2270 1380 2345 metiatur,

224 2389 311 2448 quum
332 2369 446 2429 cavebit
468 2367 632 2427 observatio
654 2367 745 2445 663,
770 2370 830 2448 16,
853 2380 916 2431 tum
937 2372 1071 2431 audiendi
1092 2379 1159 2431 suut
1183 2370 1381 2441 66666σῇ66

221 2470 318 2551 (Clsr.
339 2474 413 2532 lior.
436 2492 465 2549 p.
486 2468 577 2547 326.)
604 2477 635 2528 et
658 2467 790 2529 Orcllc‘us
816 2473 855 2530 de
878 2472 1020 2533 hocloco
1040 2475 1188 2533 verissime
1205 2474 1378 2550 judicantes.

220 2606 266 2621 —
293 2577 328 2634 V.
349 2575 402 2638 36.
431 2582 520 2632 eamr
537 2570 693 2641 altilium,
728 2574 748 2630 i.
771 2590 798 2631 e.
818 2574 911 2631 avium
932 2575 1068 2653 imprimis
1089 2574 1258 2653 gallinarum
1275 2576 1379 2637 alendo

220 2680 425 2755 muscarum.
468 2674 533 2733 th
553 2673 676 2753 Rupert·
697 2673 734 2731 ad
748 2671 813 2731 Juv·
835 2672 868 2750 6,
891 2676 963 2739 116.
1007 2676 1052 2737 lta
1069 2675 1199 2741 sarmul
1219 2696 1266 2755 ap.
1288 2675 1378 2735 elthe-

220 2798 285 2839 nae.
310 2778 348 2855 9,
368 2780 398 2841 8.
420 2798 451 2857 p.
475 2775 615 2840 331.-
641 2776 678 2833 V.
699 2776 753 2837 36.
775 2776 838 2831 otia
859 2774 1036 2849 eborum,
1071 2780 1117 2838 laic
1138 2779 1241 2837 officiis
1260 2768 1377 2839 urbanis

220 2882 363 2960 opposite.
402 2879 473 2938 lude
492 2876 562 2935 illud
578 2878 678 2933 vivere
697 2872 757 2930 sibi
778 2876 921 2951 18,107.
940 2878 1017 2935 ruiti
1039 2898 1086 2937 ms
1104 2879 1254 2939 66666666
1273 2882 1377 2959 agelli

219 2985 264 3043 Ex
284 2986 389 3041 eodem
407 2980 493 3039 auium
511 2980 591 3036 sonte
611 2980 780 3035 manarunt:
806 2976 883 3035 Vivo
904 2988 1057 3059 etr-agno,
1077 2980 1171 3039 simul
1187 2983 1247 3040 ista
1267 2982 1378 3062 reliqui

224 3086 311 3162 Quae
335 3104 388 3142 vos
413 3080 459 3139 ad
480 3078 598 3138 coetum
615 3076 711 3156 sertis
734 3096 853 3135 rumore
879 3080 1028 3152 seeundo,
1066 3080 1121 3159 10,
1148 3086 1179 3147 8.
1202 3092 1233 3144 et
1262 3084 1376 3158 Ome,

218 3184 345 3265 quando
373 3204 428 3263 ego
450 3193 478 3241 te
497 3183 646 3261 cepissem
666 3189 720 3237 ete·
761 3178 824 3238 Sat·
847 3182 879 3255 2,
900 3182 933 3257 6,
952 3182 1004 3245 60.
1026 3186 1059 3259 7,
1084 3187 1155 3249 112.
1197 3186 1271 3247 lude
1289 3189 1376 3247 etism

215 3290 314 3346 otium
329 3287 473 3366 persequi
489 3302 537 3364 ap.
555 3284 617 3344 Cic.
640 3284 678 3341 de
699 3280 787 3339 offic.
809 3282 890 3359 3,1,
911 3285 952 3360 1.,
974 3285 1069 3341 otium
1090 3288 1177 3365 sequi
1188 3305 1236 3367 up.
1253 3286 1373 3349 Terent.

218 3388 274 3448 Ad.
298 3393 334 3465 1,
366 3391 404 3465 1,
429 3390 480 3452 17.
506 3386 577 3463 ibiq.
600 3384 716 3445 nunna.
737 3382 894 3461 66666666
915 3386 1009 3443 otium
1030 3396 1058 3444 st
1072 3386 1160 3466 serre
1180 3406 1228 3467 ap.
1250 3389 1324 3449 Pliu.
1344 3391 1374 3449 iu

217 3493 311 3571 Epist.
329 3489 361 3568 4,
377 3491 484 3567 23,1.,
503 3489 591 3549 mella
606 3488 765 3546 necessitas
777 3496 866 3565 togae
877 3486 947 3545 ibid.
963 3486 994 3565 5,
1005 3483 1037 3565 4,
1052 3484 1116 3567 46,
1138 3490 1275 3548 tunicata
1291 3493 1374 3569 quies

215 3612 264 3673 ap.
282 3592 407 3653 Martial.
428 3591 479 3667 10,
502 3591 555 3668 61,
573 3591 616 3668 6.,
632 3588 756 3648 sordetis
775 3590 838 3647 os'a
860 3588 932 3648 ibid.
954 3590 985 3664 1,
1007 3588 1059 3665 66,
1080 3585 1110 3650 4.
1152 3591 1200 3651 De
1220 3594 1299 3651 varia
1320 3595 1375 3650 otii

215 3696 361 3755 veteribus
381 3694 438 3754 illis
454 3696 576 3753 maxime
596 3692 702 3752 laudati
718 3692 926 3769 significatione
945 3689 1002 3748 vid.
1021 3690 1059 3750 Η.
1076 3692 1178 3770 Steph.
1193 3692 1371 3753 Schedinsm.

218 3801 254 3873 1,
284 3799 334 3859 11.
353 3816 401 3875 ap.
420 3796 509 3857 Gmt.
530 3796 565 3855 V.
589 3794 684 3873 suppl.
701 3814 733 3873 p.
751 3790 803 3858 24.
846 3790 955 3852 Gatak.
973 3793 1011 3850 ad
1029 3791 1071 3852 ld.
1091 3792 1228 3854 Antonin.
1249 3792 1289 3871 1,
1318 3792 1369 3861 24.

217 3897 354 3957 Valcken.
379 3900 416 3956 ad
437 3898 536 3979 Eurip.
554 3897 674 3977 Hippoi.
696 3895 771 3960 786.
815 3896 907 3954 Gesn.
930 3893 969 3951 ed
988 3890 1062 3953 Plin.
1084 3895 1141 3973 Ep.
1163 3899 1200 3973 1,
1222 3896 1253 3956 9.
1277 3898 1314 3971 7,
1337 3897 1368 3958 3.

214 3998 311 4060 Beier.
332 4002 370 4058 66
392 3998 454 4058 Cic.
475 4002 564 4059 otae.
588 4003 626 4076 1,
655 3998 695 4075 9,
723 3996 775 4062 29.
806 3998 863 4072 20,
884 3996 936 4059 69.
958 4004 989 4055 et
1010 3998 1049 4055 66
1069 3994 1151 4057 Lael.
1176 3999 1234 4075 23,
1256 4000 1315 4075 86,
1336 4000 1367 4061 3.

215 4101 306 4161 Febr.
332 4101 461 4159 668611.
484 4102 550 4161 Cat.
571 4104 613 4177 8,
636 4099 667 4163 6.
711 4098 758 4159 De
778 4098 919 4175 Horatio,
948 4098 998 4157 otii
1016 4101 1227 4175 amentissimo,
1253 4099 1386 4157 uberius'

215 4206 283 4263 olim
299 4204 356 4263 diri
376 4204 414 4260 ad
435 4203 529 4280 Epist.
548 4204 583 4277 1,
610 4203 671 4277 10,
697 4204 728 4267 8.
749 4221 780 4281 p-
803 4200 874 4277 18,
900 4201 976 4260 cons.
996 4198 1137 4279 Desprea.
1156 4204 1194 4261 nd
1209 4222 1237 4259 v.
1258 4200 1311 4264 31.
1338 4206 1368 4259 et

214 4305 312 4368 noan
327 4284 374 4365 ’,6
395 4306 454 4363 oo.
476 4307 508 4381 2,
533 4305 589 4381 16,
609 4307 639 4366 1.
663 4336 702 4347 -
721 4302 865 4362 Arabum
887 4302 1021 4374 6666,
1051 4304 1071 4361 i.
1091 4324 1117 4363 e.
1140 4304 1366 4363 ommonem.

214 4406 337 4486 opibus,
362 4414 396 4467 ut
422 4407 559 4465 Persicos
574 4416 744 4483 apparatus
762 4426 817 4485 pro
834 4404 919 4465 nimis
938 4406 1085 4483 exquisitis
1104 4406 1163 4463 06.
1186 4408 1222 4481 1,
1252 4405 1312 4481 38,
1336 4408 1364 4467 1.

213 4510 278 4569 wo.
298 4512 335 4569 sd
351 4511 382 4585 6,
397 4510 428 4571 6.
449 4516 480 4568 et
495 4526 569 4585 quos
585 4508 631 4567 hic
654 4509 752 4569 lsudut
768 4508 941 4567 Schmidius.
984 4508 1117 4585 Speciem
1145 4508 1286 4583 quandam
1312 4526 1365 4586 pro

213 4612 367 4672 verbialem
393 4617 472 4672 recte
493 4610 565 4669 vidit
582 4610 720 4669 Erasmus
740 4610 770 4668 in
790 4606 901 4689 Adagg.
929 4612 967 4686 1,
990 4605 1159 4772 6,2Ξ4(.7)ηΙ
