3450 5334
221 526 265 591 69
340 518 629 585 COMMENTARH
643 518 871 585 lunonem
885 520 994 583 LlB.l.
1008 517 1135 585 EPIST.
1148 518 1264 584 SEXT.
1324 514 1388 583 331

222 708 275 775 44.
293 720 325 773 et
340 712 481 773 Doederl.
502 713 573 789 Syn.
594 709 629 769 V.
650 730 680 789 p.
693 712 767 776 217.
810 706 982 790 Brisglebr'r‘
998 716 1093 771 nutem
1112 710 1274 770 annotatio:
1296 728 1389 787 „con-

218 816 321 893 junctu
339 816 435 895 potius
451 814 599 893 requirere
614 813 782 873 ridebuntur
801 809 932 885 Μαικία,
963 812 1016 869 sed
1032 812 1161 871 nimirum
1180 814 1302 873 facetum
1320 812 1390 871 dixit

222 918 326 979 ludens
348 918 482 993 eundem,
504 936 590 995 quern
603 916 705 975 Cicero
726 915 802 973 serio
822 932 914 992 egens
935 914 1107 991 ineptum,“
1127 934 1227 993 parum
1241 916 1390 975 commoda

222 1022 346 1083 videtur.
386 1020 544 1098 Epitheton
562 1019 657 1096 ipsum
670 1037 724 1095 per
744 1017 880 1075 omissum
898 1026 933 1073 ut
954 1016 1150 1097 explicandum
1170 1023 1270 1077 censet
1283 1017 1391 1076 Bauer

223 1126 261 1185 cd
285 1124 385 1181 Ssnct.
400 1120 523 1181 llliuerv.
543 1119 580 1183 Π.
596 1139 627 1198 p.
648 1118 735 1195 317,
756 1124 789 1178 ut
807 1118 854 1177 nlli
872 1120 946 1178 iulrs
961 1139 989 1177 v.
1011 1120 1075 1197 63,
1096 1120 1148 1179 sed
1166 1122 1230 1180 vide
1254 1126 1390 1179 annotate

224 1228 263 1286 ed
281 1225 376 1302 Epist.
406 1225 442 1298 1,
475 1226 513 1297 2,
545 1217 598 1285 42.
642 1221 777 1279 Ceterum
798 1221 834 1280 de
859 1220 914 1281 lrsc
940 1222 1046 1281 blondo
1066 1228 1096 1281 et
1113 1225 1214 1299 patrie
1233 1228 1265 1281 et
1279 1223 1391 1302 fratris

224 1323 444 1404 compellatione
460 1323 519 1381 vid
538 1329 655 1401 praeter
674 1324 800 1403 interpp.
822 1324 907 1384 adh.
929 1324 949 1383 l.
967 1324 1073 1384 Heind.
1091 1327 1129 1384 sd
1150 1327 1213 1385 Sat.
1233 1327 1265 1403 2,
1288 1327 1318 1403 1,
1339 1330 1388 1390 12.

223 1427 352 1490 neonus.
373 1428 412 1485 au
432 1422 500 1484 urb.
518 1424 558 1500 s,
587 1428 626 1501 1,
653 1426 705 1491 23.
747 1425 866 1485 suun.
887 1426 925 1483 ao
946 1426 1068 1485 retent.
1086 1426 1190 1487 uenus
1215 1428 1253 1503 s,
1277 1430 1317 1503 1,
1339 1427 1390 1490 50.
1500 1412 1502 1421 '

222 1531 346 1609 Rupert·
368 1527 544 1602 841117ιῦ,
566 1526 640 1590 133.
682 1526 803 1588 Dorvill.
825 1530 864 1588 ad
887 1526 995 1587 Chsrit.
1016 1524 1049 1603 4,
1070 1527 1102 1590 3.
1120 1548 1151 1607 p.
1174 1528 1246 1593 433.
1267 1530 1390 1607 interpp.

223 1636 262 1693 sd
278 1630 397 1692 Lueiun.
423 1628 552 1707 Menipp.
573 1631 625 1693 21.
669 1628 715 1689 01.
736 1628 810 1687 infru
832 1632 872 1705 7,
906 1630 960 1693 37.
982 1637 1012 1691 et
1032 1630 1069 1688 de
1096 1635 1158 1690 tots
1188 1634 1332 1691 sententia
1353 1631 1391 1699 Q.

224 1735 286 1794 Cic.
304 1736 342 1793 de
360 1732 448 1795 Petit.
469 1731 578 1790 consul.
601 1731 661 1802 11,
695 1730 736 1794 32
749 1730 852 1795 -35.
893 1728 1005 1793 Locum
1025 1732 1055 1791 iu
1073 1752 1230 1795 susurrem
1252 1734 1392 1793 convertit

223 1835 335 1896 Marcis
355 1834 386 1892 in
407 1832 531 1909 „Palnst
548 1834 602 1891 des
625 1833 774 1892 Scaurus“
793 1854 824 1914 p.
846 1828 900 1896 43.
923 1830 975 1899 54.

307 1934 343 1993 V.
361 1928 522 1997 56-64.
568 1934 606 1993 Sa·
627 1931 700 1992 bone
718 1968 763 1981 -
781 1935 934 2014 voluptas.
979 1938 1098 1997 Transit
1119 1937 1192 1999 Hor.
1215 1938 1253 1995 nd
1277 1936 1392 1996 tertius

224 2036 326 2097 mmmi
346 2034 416 2093 boni
440 2056 552 2113 genus,
587 2038 666 2115 quod
686 2038 848 2097 continetur
867 2037 950 2116 gulnc
969 2040 1090 2099 deliciis.
1132 2040 1202 2099 Inde
1223 2038 1338 2097 Persius
1360 2032 1392 2114 4,

226 2143 277 2204 17.
325 2138 411 2215 Quas
436 2137 493 2196 ribi
508 2160 629 2197 summa
647 2138 719 2199 boni
738 2140 804 2199 est?
838 2150 933 2198 uncta
958 2143 1066 2201 vixisse
1082 2141 1201 2221 patella
1223 2142 1347 2219 Semper
1364 2148 1392 2197 ot

224 2240 347 2301 assidrw
367 2252 475 2299 curata
495 2242 631 2301 cuticula
650 2241 735 2300 solo?
756 2243 803 2301 Cf.
817 2243 880 2301 Sst.
903 2244 935 2319 2,
956 2244 986 2307 2.
1009 2242 1040 2307 4.
1060 2246 1091 2308 8.
1110 2251 1141 2305 et
1158 2249 1190 2325 7,
1213 2244 1391 2309 102-111.

223 2344 320 2423 Epist.
339 2346 370 2420 1,
391 2346 423 2419 2,
445 2345 497 2409 28.
517 2342 568 2409 29.
612 2344 672 2404 Od.
685 2348 717 2421 2,
745 2341 796 2419 14,
822 2345 874 2409 28.
917 2343 1011 2405 Lucil.
1028 2346 1078 2406 Fr.
1095 2344 1127 2426 4,
1152 2346 1266 2411 1—9.
1309 2346 1391 2405 Pers.

224 2447 268 2524 3,
306 2446 349 2509 88
372 2466 438 2523 sqq.
490 2445 555 2504 Jnr.
578 2448 638 2522 11,
680 2446 822 2510 3-56.
878 2445 922 2505 ld.
948 2444 987 2524 4,
1020 2444 1062 2509 46
1087 2467 1152 2526 sqq.
1177 2449 1246 2526 ibiq.
1268 2446 1391 2526 Rupert.

224 2551 329 2609 Senes.
351 2546 470 2607 Consol.
492 2547 627 2607 sdHelr.
648 2547 680 2610 9.
722 2548 818 2628 Epist.
833 2547 887 2612 89.
932 2548 1072 2607 Conuov.
1087 2549 1122 2608 V.
1136 2570 1265 2630 prooem.
1279 2550 1392 2628 p.223.

224 2648 355 2711 Macrob.
383 2651 500 2709 Saturn.
533 2653 571 2727 2,
604 2649 635 2711 9.
685 2648 803 2711 Petron.
829 2652 867 2710 de
894 2648 1000 2713 Mutet.
1027 2652 1112 2732 Reip.
1138 2653 1224 2715 Rom.
1256 2654 1298 2717 33
1327 2673 1393 2731 sqq.

224 2750 345 2813 Lucisn.
374 2751 491 2827 Nigris.
520 2752 572 2816 15.
602 2754 655 2816 16.
683 2751 736 2815 33.
778 2753 902 2813 Becker.
930 2755 968 2812 sd
998 2754 1075 2814 Gsll.
1107 2754 1144 2815 ll.
1178 2776 1209 2833 p.
1244 2756 1307 2821 130
1327 2775 1393 2833 sqq.

226 2855 339 2913 contra
359 2854 488 2932 disputet
512 2852 614 2912 Cicero
633 2854 665 2912 in
688 2854 780 2913 Tusc.
803 2856 840 2930 5,
869 2851 931 2931 84,
963 2853 1007 2917 97
1027 2874 1091 2931 sqq.
1133 2854 1234 2933 Aeque
1256 2855 1333 2915 salse
1360 2874 1395 2914 ac

224 2956 342 3015 ridicule
357 2955 437 3034 gula
457 2953 623 3035 perhibetur
642 2952 719 3025 dccx,
737 2974 822 3033 quem
841 2955 913 3014 lauti
932 2954 1060 3015 homiues
1081 2963 1236 3033 sequautur
1255 2960 1285 3017 in
1306 2976 1394 3035 quse-

225 3060 323 3119 reudis
338 3056 468 3136 dapibus.
512 3058 562 3117 Sic
581 3058 629 3136 qui
650 3055 773 3115 docnur
790 3056 853 3115 libo
863 3056 1012 3136 sumuntur
1031 3062 1150 3115 vocatur
1167 3058 1264 3137 gulae
1280 3078 1396 3136 parcns

225 3160 291 3221 so.
308 3164 340 3237 2,
353 3164 386 3237 7,
408 3161 567 3226 102.111.
606 3160 682 3222 Hinc
701 3162 892 3219 rrritamcnto
908 3158 1004 3239 gulas
1020 3178 1067 3237 ap.
1090 3157 1161 3220 Tse.
1176 3160 1252 3221 Hist
1276 3165 1307 3237 2,
1329 3163 1394 3238 62,

226 3264 427 3323 nocumenta
443 3261 540 3343 gulos
558 3282 606 3341 sp.
621 3260 752 3321 lllscrob.
771 3263 835 3323 sat.
856 3266 889 3338 2,
912 3263 963 3326 13.
986 3266 1017 3321 et
1035 3262 1122 3319 horso
1142 3282 1204 3322 non
1220 3262 1395 3342 profundas

226 3366 329 3439 ruodo,
344 3365 401 3425 sed
418 3368 643 3444 r'rrtcmpcctivac
658 3386 776 3446 quoquc
792 3378 821 3425 ct
836 3364 977 3425 rordt'dns
991 3364 1088 3445 gradu
1100 3385 1148 3444 sp.
1163 3366 1283 3425 Sueten.
1297 3362 1393 3425 Vitell.

228 3469 281 3534 13.
322 3467 442 3529 Lucinn.
467 3470 582 3547 Nigrin.
605 3470 658 3532 33.
701 3467 855 3548 ὑπέφαινε
882 3471 961 3552 γοῦν
981 3461 1137 3549 τεσσάρων
1158 3461 1314 3531 δακτύλων
1335 3464 1396 3529 sd-

226 3576 292 3645 τοῖς
313 3570 414 3635 εἵνεκα
434 3565 536 3633 πάντα
557 3577 723 3636 πονεῖσθαι
743 3568 797 3635 ro's
815 3566 925 3647 πόνον,
946 3562 995 3651 ἔφ’
1017 3566 1110 3644 ὅσους
1128 3566 1147 3633 3
1168 3566 1316 3651 μήκιστος
1337 3565 1396 3631 οἷν-

228 3668 360 3757 ορὥπου
378 3666 486 3755 tarpeio
509 3672 599 3738 torro.
642 3673 840 3735 Festinotione
868 3682 963 3735 nrrtem
985 3674 1024 3733 nd
1046 3693 1094 3733 res
1121 3671 1213 3733 bones
1239 3694 1311 3753 opus
1339 3678 1396 3749 est,

229 3784 264 3835 ut
288 3778 381 3854 prirno
404 3796 500 3855 mnne,
521 3779 550 3837 οἱ
573 3776 666 3848 lucet,
687 3776 810 3854 cogites,
834 3779 977 3855 quomodo
999 3776 1083 3855 gulae
1106 3776 1237 3835 satisfiat.
1281 3777 1331 3834 Sic
1348 3775 1397 3835 illc

232 3880 352 3939 convive
375 3880 534 3942 luxuriosus
558 3900 607 3960 sp.
628 3879 746 3939 Petrou.
775 3877 843 3943 41.:
869 3880 960 3951 Dico,
987 3880 1105 3959 inquit,
1132 3878 1214 3937 mVril
1231 3890 1295 3949 cst,
1323 3877 1399 3935 dum

232 4000 334 4040 versas
353 3992 395 4054 u,
416 4004 475 4041 nox
490 3982 549 4058 fit:
571 3978 826 4062 usquamlibet
845 3980 966 4055 mellus,
988 4003 1082 4063 quum
1101 3982 1139 4041 de
1159 3980 1297 4041 cubnulo
1316 3990 1399 4039 recta

230 4085 266 4142 in
282 4083 448 4143 ἑνίοἱῠιίιιπι
468 4086 520 4150 irc.
562 4086 638 4145 ldirn
650 4085 738 4163 igitur
758 4090 806 4144 est
825 4084 934 4143 Botkii
952 4086 1166 4164 interpretatio:
1185 4082 1252 4161 „sol
1272 4084 1398 4141 nondum

229 4187 349 4264 occidit,
369 4206 426 4266 qno
447 4194 578 4268 ternpore
599 4186 762 4249 coenabunt
781 4188 893 4265 frugi.“
934 4188 1081 4249 Intellexit
1101 4185 1136 4246 V.
1157 4184 1208 4263 0.,
1230 4186 1273 4244 nti
1299 4184 1399 4243 Clear-

224 4290 402 4368 pentolina,
423 4290 554 4350 convivis
573 4290 755 4371 tempestivo.
796 4291 911 4350 Rursus
929 4292 967 4350 nd
988 4291 1169 4351 venstionem
1189 4286 1313 4345 lucendi
1331 4305 1398 4347 rer-

229 4391 298 4452 bunr
324 4390 458 4452 ordros
476 4394 577 4470 refert,
597 4394 676 4473 quod
695 4392 802 4452 factum
823 4390 938 4452 nollem.
981 4391 1054 4452 lllud
1075 4393 1148 4451 enim
1169 4387 1288 4449 verbum
1308 4408 1399 4467 gene-

228 4496 325 4573 ratim,
347 4502 379 4555 nt
403 4514 430 4556 v.
453 4494 507 4561 20.
528 4514 617 4553 muns
631 4497 759 4575 forum,
779 4496 833 4561 32.
859 4514 933 4553 cave
952 4514 991 4553 nc
1013 4502 1155 4573 occupet,
1178 4510 1207 4553 r.
1230 4488 1283 4555 48.
1326 4492 1399 4551 Hoc

227 4598 348 4675 primm
367 4597 490 4674 dicitur,
527 4598 574 4656 cui
591 4599 697 4659 festive
714 4598 897 4678 subjungitu
917 4597 1061 4659 sententis
1082 4596 1203 4659 haecce:
1230 4596 1399 4674 pr'cccrrucr,
