3450 5334
212 517 274 581 131
427 514 634 579 EXCURSUS
655 517 947 583 GRtllllddTlCUS
967 522 1021 584 An
1043 522 1077 585 V.
1102 530 1151 591 18.
1300 526 1363 593 403

209 700 315 761 latore
339 700 421 779 Quos
440 701 498 760 titt
516 702 572 761 dat
590 703 735 784 (intellige
756 706 907 786 anneot),
943 712 1067 768 retinere
1092 710 1168 770 velis
1187 732 1362 795 servareque

210 804 346 875 annuos,
368 802 449 863 simili
469 805 534 865 locu
552 806 655 865 collato
674 810 736 870 Sat.
760 812 796 887 1,
824 810 864 887 4,
886 811 957 873 106.
1007 812 1049 869 Ut
1061 813 1201 892 sugerem
1222 818 1364 895 exemplis

210 908 352 967 ertmrum
372 926 508 987 quasque
525 909 670 981 notando,
691 912 729 969 ad
755 930 838 989 quem
859 912 955 973 locum
976 914 1073 993 lapsus
1095 922 1156 975 erat
1176 917 1204 975 J.
1225 917 1264 978 Η.
1287 917 1362 979 Vos-

211 1010 280 1067 sius.
321 1008 394 1089 Inde
414 1011 498 1069 etiam
511 1012 622 1087 judices
637 1013 673 1071 de
689 1012 782 1090 Epist.
800 1018 830 1089 1,
851 1014 902 1091 19,
927 1015 976 1080 19.
998 1027 1033 1073 ut
1052 1016 1128 1075 milri
1144 1038 1231 1099 saepe
1245 1020 1361 1093 Bilem,

210 1128 300 1188 saepe
309 1114 418 1185 josum
438 1115 529 1171 vestri
545 1134 660 1172 provere
680 1115 848 1175 mmaltus!
864 1134 922 1193 quo
945 1116 1008 1175 loco
1029 1119 1197 1197 Cuningam.
1220 1131 1250 1181 et
1270 1124 1361 1183 Sana-

211 1212 279 1271 don.
309 1214 500 1293 scripsenmt:
535 1228 571 1274 ut
589 1218 666 1275 mitit
686 1216 775 1276 bilem
779 1262 792 1290 ,
836 1220 878 1277 Ut
895 1218 972 1275 mihi
991 1240 1079 1298 saepe
1097 1226 1206 1295 jocum
1229 1232 1285 1285 etc.
1328 1225 1362 1285 ln

209 1316 333 1373 eundem
359 1335 475 1377 censum
501 1320 578 1380 venit
597 1318 690 1400 Epist.
712 1324 771 1399 18,
804 1321 854 1386 16.
897 1322 1079 1401 Repugnat
1099 1328 1189 1405 nugis
1210 1337 1360 1397 armaten,

209 1418 258 1477 nbi
292 1418 423 1477 Orellius
446 1432 627 1499 prupugnat
653 1422 784 1483 absolute
814 1424 944 1503 usurpari
976 1426 1066 1482 minus
1094 1434 1173 1487 reete
1201 1428 1278 1486 dicit.
1305 1427 1362 1486 ‘At

209 1520 306 1579 similis
327 1527 372 1579 est
393 1524 566 1583 constructio
584 1524 643 1585 Od.
663 1526 702 1603 3,
732 1520 771 1604 4,
801 1528 852 1591 50.
864 1525 970 1599 fidens
981 1531 1130 1600 juventus
1145 1528 1269 1587 horrida
1291 1526 1361 1587 bra-

209 1622 299 1693 chiis,
319 1642 377 1700 quo
397 1624 427 1681 in
443 1622 508 1682 locu
527 1642 619 1704 seque
637 1626 787 1706 religiosus
805 1630 951 1707 conjungit
973 1628 1121 1703 Orellins,
1144 1632 1220 1710 quod
1239 1650 1298 1690 non
1315 1630 1360 1687 fu-

207 1728 252 1804 git
281 1726 331 1782 Ιο.
366 1725 452 1787 θιιιἹ.
483 1726 671 1800 Steimrum,
705 1733 753 1807 qui
786 1733 816 1790 in
849 1730 951 1809 Progr.
987 1732 1047 1791 sch.
1079 1734 1234 1793 Cmcenac.
1266 1728 1358 1796 1841.

206 1848 237 1907 p·
259 1828 354 1891 18-
366 1830 416 1894 21.
437 1828 519 1906 hujus
541 1834 653 1908 generis
676 1832 763 1891 multa
784 1852 819 1893 ex
838 1833 958 1894 Horatio
979 1835 1103 1914 collegit
1146 1833 1217 1914 (De
1235 1834 1361 1891 Horau'i

207 1950 302 1987 earm.
325 1948 402 1993 saec.
434 1930 629 1990 Commentut.
675 1934 892 1997 confluentibus
911 1940 986 2015 typis
1009 1938 1054 1997 Jo.
1077 1936 1128 1999 Fr.
1148 1936 1253 2015 Kelu.)
1296 1932 1359 1993 Alia

205 2034 275 2095 ulia
294 2034 479 2113 suppeditant
497 2034 669 2094 Mitseherl.
691 2044 722 2096 et
740 2037 833 2100 Jahn.
858 2041 897 2098 ad
919 2040 977 2099 Od.
999 2043 1035 2116 2,
1059 2040 1115 2115 13,
1140 2042 1169 2103 2.
1217 2037 1354 2096 Schmtd.

204 2137 244 2195 ad
264 2136 359 2214 Epist.
379 2138 431 2211 18,
452 2133 504 2203 42.
526 2139 579 2199 99.
602 2146 631 2197 et
651 2137 877 2218 Dillenburger.
898 2162 927 2221 p.
950 2140 1100 2206 27-29.
1143 2139 1275 2199 Similiter
1297 2138 1358 2197 Ta·
1387 2162 1391 2167 ·

202 2240 253 2298 eit.
273 2238 347 2297 ffist.
370 2241 406 2314 1,
432 2236 482 2301 64.
507 2242 542 2297 ni
569 2240 681 2299 Valens
701 2242 960 2301 animadversione
975 2262 1146 2320 paucorum
1166 2239 1272 2299 oblitos
1284 2244 1358 2315 jam

202 2341 342 2399 Batavos
357 2342 477 2417 imperii
495 2343 714 2419 admonuisset,
735 2344 783 2403 ubi
802 2347 922 2423 imperii
941 2365 994 2424 per
1010 2350 1159 2421 utrumqne
1179 2344 1228 2402 lit:
1251 2342 1357 2400 oblitos

202 2450 235 2503 et
251 2442 464 2501 admonuisset.
506 2445 555 2503 Sic
577 2453 607 2506 et
625 2445 689 2505 Liv.
712 2450 750 2525 2,
777 2449 818 2526 3,
844 2451 875 2510 6.
895 2447 1058 2507 ambientes
1079 2444 1227 2505 nobilmm
1253 2444 1357 2503 adole-

200 2548 349 2605 ιοιιιεὰιιη
366 2547 483 2603 animos
499 2558 685 2624 pertentant,
706 2571 763 2629 quo
787 2554 816 2610 iu
837 2552 902 2611 loco
914 2550 1060 2609 Kleekius
1077 2549 1188 2607 inutiles
1212 2552 1357 2626 conjectu·

195 2668 250 2714 sas
269 2650 404 2729 proludit.
446 2648 511 2709 Huc
532 2670 645 2727 quoque
664 2654 806 2713 retulerim
823 2656 886 2713 Set.
901 2653 980 2713 Paul.
1001 2655 1030 2711 in
1045 2651 1139 2735 Epist,
1160 2650 1198 2709 ad
1211 2650 1356 2711 Romanos

202 2757 242 2828 2,
262 2754 292 2816 8.
335 2745 381 2816 Ου’
400 2746 458 2834 peip
480 2750 514 2813 ἐν
534 2756 578 2837 τῷ
595 2759 736 2840 φανερῷ,
755 2748 899 2828 Ἰουδαῖος
920 2755 1017 2831 ἐστιν,
1040 2754 1156 2811 verbum
1178 2753 1252 2810 enim
1270 2746 1355 2816 ’lond

201 2856 245 2913 bis
271 2856 435 2913 sumendum
464 2874 548 2933 esse,
584 2858 689 2916 docent
713 2874 787 2933 qnae
807 2862 964 2933 sequuntur
992 2848 1055 2915 ἀλλ’
1075 2852 1094 2917 d
1115 2853 1149 2917 ἐν
1169 2856 1211 2936 τῷ
1232 2860 1356 2939 κρυπτῷ

198 2950 353 3032 Ἰουδαῖος.
396 2955 460 3015 Alia
478 2960 550 3017 ratio
572 2966 618 3017 est
635 2960 665 3015 in
679 2958 790 3036 Evang.
813 2958 859 3016 Jo.
880 2959 911 3033 8,
933 2954 995 3031 15,
1017 2956 1045 3013 id
1063 2956 1140 3032 quod
1157 2961 1234 3013 recte
1253 2956 1354 3015 obser-

199 3062 276 3121 varit
292 3078 435 3118 sacrarum
455 3060 598 3121 literarum
619 3062 742 3139 optimus
763 3063 924 3138 interpres,
948 3057 1093 3117 Wnerus
1113 3060 1142 3115 in
1164 3058 1291 3122 Gramm.
1313 3060 1352 3123 Ν.

199 3160 238 3220 Τ.
266 3180 298 3240 p·
320 3160 392 3225 523.
445 3164 539 3232 Quam
565 3181 653 3241 saepe
678 3162 848 3222 Criticorurn
878 3180 978 3219 manus
1004 3180 1057 3218 suo
1086 3178 1211 3237 gausape
1238 3180 1352 3220 mensas

198 3272 399 3343 pertergeant,
423 3269 455 3320 ut
479 3282 551 3339 quae
568 3266 708 3323 servanda
726 3267 784 3325 sint
802 3265 876 3325 humi
903 3262 1043 3321 decidisse
1063 3264 1217 3339 postnnudo
1240 3264 1352 3339 doleas,

198 3372 319 3425 testatur
336 3366 417 3424 loeus
436 3384 500 3425 mea
521 3367 635 3443 quidem
655 3369 796 3429 sententia
815 3366 955 3443 genuinus
974 3365 1050 3442 apud
1065 3362 1145 3443 Virg.
1158 3368 1187 3423 in
1201 3366 1262 3423 Cul.
1281 3367 1351 3429 157.

197 3469 296 3527 lentrts
312 3472 346 3527 its
366 3466 465 3527 herbis
483 3467 595 3525 Securo
612 3488 731 3546 pressos
751 3488 853 3527 somno
873 3464 1074 3523 mandaverat
1090 3480 1195 3539 artus,
1231 3470 1277 3527 ubi
1299 3474 1351 3529 mi-

196 3592 255 3649 ror,
280 3570 438 3650 Sttttgtum
446 3612 458 3639 ,
480 3570 578 3629 Vnum
598 3577 694 3630 cetera
716 3572 960 3649 diligentissimum
981 3571 1265 3650 sagacissimumque,
1287 3574 1350 3632 No-

196 3672 281 3733 dellio
302 3674 341 3731 ita
357 3674 445 3732 fuisse
466 3673 542 3731 dieto
563 3675 734 3752 audientem,
756 3681 786 3733 ut
808 3676 869 3751 ejus
884 3671 1074 3747 conjecturam
1089 3674 1186 3752 fessos
1200 3678 1349 3754 reciperet.

196 3773 234 3833 At
259 3775 355 3833 similis
377 3782 421 3833 est
441 3774 520 3834 luens
539 3796 587 3854 ap.
613 3774 677 3835 Liv.
699 3778 738 3851 2,
770 3776 828 3851 80,
863 3770 895 3833 4.
922 3772 1003 3851 (ibiq.
1025 3772 1131 3855 Drak.)
1176 3776 1240 3834 Sed
1260 3797 1349 3835 curae

186 3876 258 3954 fuit
275 3875 447 3935 oonsulibus
467 3889 496 3935 et
515 3878 681 3937 sembribus
697 3880 848 3952 Petrum,
884 3886 919 3931 nt
937 3878 1096 3953 imperinm
1119 3898 1173 3935 suo
1195 3878 1348 3935 vehemens

195 3990 351 4039 mansueto
366 3983 587 4058 permitteretur
605 3981 746 4059 ingenio,
776 3998 869 4056 neque
885 3976 968 4038 aliter
988 3978 1138 4037 Sallustius
1160 3982 1189 4039 in
1206 3980 1271 4039 Cat.
1293 3980 1346 4057 39,

194 4083 245 4159 3.,
280 4100 366 4159 quem
388 4100 461 4139 nnus
482 4081 605 4140 emnium
625 4086 704 4140 recte
725 4083 927 4158 interpretatus
955 4087 1000 4140 est
1021 4078 1170 4139 Febrim.-
1213 4082 1276 4141 Sed
1296 4082 1348 4141 ubi

192 4185 326 4261 prunam
345 4181 446 4241 drtbis's
462 4181 550 4241 rebus
570 4182 718 4242 novandis
736 4201 804 4260 spes
824 4178 927 4239 oblata
945 4192 1005 4253 εει,
1028 4181 1074 4240 ubi
1092 4180 1239 4244 Ablativus
1260 4182 1347 4243 relius

192 4288 230 4347 ad
253 4284 389 4345 Datimm
413 4286 545 4345 mand.
579 4287 730 4364 cogitando
758 4285 930 4363 repetendus
961 4282 1110 4344 ridebitur.
1153 4286 1259 4345 Eadem
1284 4289 1345 4347 lere

193 4389 259 4466 lege
279 4387 351 4447 Plin.
373 4387 466 4465 Epist.
489 4392 528 4465 7,
551 4392 610 4466 26,
638 4391 667 4454 2.
710 4388 761 4446 Ne
780 4384 964 4445 aernwnidus
985 4386 1105 4465 quidem
1126 4388 1270 4467 mh'guis
1289 4400 1346 4447 aut

193 4488 321 4547 attendit
340 4500 396 4546 aut
414 4490 516 4555 alitur.
558 4490 622 4552 Huc
644 4510 756 4569 quoque
777 4491 845 4548 lacit
859 4491 929 4551 Sall.
944 4493 1011 4569 Jug.
1028 4490 1080 4571 14,
1102 4492 1151 4555 16.
1186 4491 1223 4548 St
1241 4494 1343 4549 omnia

195 4613 273 4671 quae
298 4602 354 4651 aut
379 4593 491 4666 ammi,
524 4604 581 4651 ant
607 4613 642 4652 ex
667 4593 841 4652 necessari&
867 4594 995 4655 adversa
1012 4594 1108 4673 saeta
1131 4604 1201 4653 sunt
1208 4636 1221 4666 ,
1259 4594 1342 4651 inen-

1001 4676 1133 4758 neap*
