3450 5334
213 560 274 629 116
317 557 1257 627 101111111111101111111111111111111.
1300 558 1364 628 387

211 750 327 811 rennles
346 748 531 829 praediorum
553 748 591 807 cl.
613 745 649 809 A.
672 744 708 809 P.
729 745 803 814 419.
847 748 912 809 Jnv.
935 750 967 826 7,
988 746 1124 815 5-10.
1168 750 1364 813 01111101-

211 855 259 913 61.
282 852 323 930 3,
353 852 411 927 13,
440 848 491 914 65.
534 850 622 911 Mart.
646 855 682 928 1,
710 854 771 930 86,
802 853 831 915 1.
875 850 1006 911 Brisson.
1028 852 1065 910 de
1086 851 1213 913 Formul.
1237 854 1278 932 6,
1311 854 1363 917 56.

211 956 398 1033 Quapropter
418 952 517 1013 dubito
537 954 576 1011 de
595 954 753 1025 scmtorrb,
773 972 859 1032 quem
877 953 922 1011 bic
944 951 1068 1012 inMcno
1086 954 1213 1015 invenire
1233 956 1288 1015 sibi
1311 956 1365 1015 visi

211 1063 279 1116 runt
300 1057 464 1126 Dacorum,
487 1054 681 1134 Dorigbello,
703 1057 909 1135 Doeriugr'us,
931 1055 995 1131 olii,
1013 1056 1100 1115 immo
1122 1055 1213 1117 Poeto
1233 1057 1364 1117 consulto

211 1160 267 1218 vile
296 1158 440 1237 quoddam
470 1159 615 1236 praeconii
645 1178 748 1217 munus
780 1160 976 1238 descripturus
1005 1159 1150 1237 putandus
1183 1165 1236 1219 est.
1289 1160 1366 1219 ffinc

210 1271 327 1330 scruta,
347 1280 419 1338 quos
441 1267 519 1319 teste
538 1259 635 1320 Schol.
659 1262 747 1339 Cruq.
769 1262 873 1340 vulgus
889 1270 999 1341 grutae
1019 1267 1103 1319 vocat
1123 1260 1271 1339 [Doederl.
1293 1263 1364 1340 Syn.

210 1362 234 1421 l.
255 1381 284 1440 p.
305 1356 523 1444 158.],70o'o1,
543 1356 697 1445 γρυτάρια,
719 1365 753 1423 C.
767 1363 891 1423 Possov:
912 1362 1127 1442 „Geriimpel‚“
1147 1362 1235 1423 Voss:
1258 1363 1365 1443 „aller-

211 1462 249 1524 lei
269 1464 400 1523 Krum.“
443 1464 506 1525 Vrd.
531 1463 617 1523 Torr.
639 1468 676 1525 ud
697 1464 726 1524 6.
749 1466 769 1524 l.
793 1473 823 1525 et
843 1466 882 1525 cf.
905 1462 941 1523 Δ.
965 1464 1040 1523 Gell.
1063 1463 1104 1541 3,
1136 1461 1205 1537 14.;
1237 1465 1365 1526 similiter

205 1566 325 1644 frivolo
344 1585 391 1644 op.
413 1565 476 1627 Juv.
499 1567 538 1644 3,
564 1567 635 1631 197.
656 1566 726 1646 ibiq.
748 1568 849 1629 Heinr.
891 1567 967 1627 ffinc
989 1567 1076 1628 ctiam
1095 1566 1228 1625 tunicato
1243 1568 1366 1645 popello

211 1670 231 1727 i.
250 1688 278 1728 e.
309 1668 433 1746 pullutuc
460 1668 562 1729 turbae
590 1690 642 1729 seu
661 1670 822 1731 bominibus
843 1672 880 1730 de
900 1668 997 1727 intimo
1017 1667 1112 1747 plebe.
1155 1666 1219 1728 llud.
1241 1669 1364 1731 Solmos.

210 1773 248 1829 ud
277 1769 400 1829 Tertull.
422 1771 459 1831 de
484 1770 555 1831 Poll.
577 1792 608 1850 p.
633 1770 707 1835 473.
751 1771 867 1833 Weber.
889 1772 927 1830 nd
952 1772 1016 1830 Juv.
1038 1775 1077 1848 2,
1109 1775 1160 1836 71.
1187 1791 1218 1851 p.
1242 1770 1315 1838 148.
1338 1782 1368 1837 et

211 1894 286 1951 quos
312 1873 430 1933 laudant
450 1873 496 1932 iric
516 1872 688 1931 &humus
710 1881 741 1936 et
762 1874 929 1952 Rupertius
949 1874 986 1931 od
1009 1873 1104 1934 Tacit.
1126 1871 1202 1933 Diol.
1222 1874 1261 1933 de
1281 1875 1365 1935 0111.

210 1978 249 2054 7,
269 1972 302 2037 4.
347 1977 381 2036 ln
402 1976 575 2036 deminutiro
592 1974 716 2053 popello
735 1980 755 2037 i.
774 1997 801 2037 e.
823 1974 990 2057 plebeculae
1007 1977 1108 2035 eadem
1130 1976 1292 2051 exiguitatis
1313 1996 1367 2037 no·

210 2077 252 2137 tio
274 2096 348 2156 quoe
365 2098 393 2137 r.
403 2078 455 2141 10.
471 2078 502 2135 in
521 2076 635 2156 opella,
655 2080 711 2137 nisi
730 2080 761 2138 in
779 2077 833 2137 boc
853 2085 900 2138 est
920 2078 1017 2153 medii,
1038 2095 1123 2156 quam
1142 2076 1251 2138 mavult
1272 2078 1368 2139 Gros-

210 2176 268 2236 bel.
310 2178 446 2239 Similiter
468 2178 605 2238 snvulru
626 2179 697 2240 vilic
718 2198 766 2259 up.
788 2180 849 2240 Cre.
867 2182 904 2241 de
922 2179 1008 2239 offic.
1024 2179 1057 2257 3,
1080 2180 1132 2255 28,
1153 2182 1183 2247 2.
1227 2180 1275 2240 Cf.
1291 2180 1366 2242 Her·

211 2300 280 2360 rog.
302 2283 340 2341 ad
360 2282 446 2341 Caes.
467 2283 503 2343 B.
527 2282 591 2341 civ.
614 2287 652 2360 2,
677 2280 750 2347 104.
772 2288 803 2340 et
820 2282 919 2340 Kribn.
942 2282 979 2339 od
1000 2281 1060 2341 cre.
1083 2279 1173 2341 Tusc.
1197 2281 1237 2359 3,
1269 2288 1307 2362 1,
1336 2288 1367 2353 2.

209 2414 253 2431 -
277 2384 430 2463 Occupat,
450 2390 483 2443 ut
502 2385 534 2461 6,
556 2383 628 2462 32,
648 2386 702 2444 sed
721 2382 768 2443 bic
787 2402 852 2443 cum
872 2384 989 2444 notione
1009 2386 1237 2463 supervenientis
1257 2385 1294 2446 de
1314 2388 1367 2446 im-

209 2488 344 2567 proviso,
366 2486 431 2544 binc
446 2486 534 2563 prior
552 2485 668 2545 salven
685 2483 782 2557 jubet.

294 2587 331 2647 V.
346 2590 393 2651 67
403 2587 512 2650 -69.
556 2589 616 2649 Ille
637 2588 784 2667 Philippo
807 2620 846 2633 -
867 2584 1054 2645 Providieset
1074 2606 1152 2647 euru.
1199 2590 1281 2661 Ques
1308 2594 1368 2653 sint

210 2692 395 2751 mercemur
425 2690 568 2770 vinculo,
610 2692 783 2752 dissentiunt
811 2692 996 2770 interpreter.
1045 2688 1261 2765 Hoohcdems,
1302 2696 1368 2773 quin

208 2814 316 2876 praeco
336 2795 423 2853 fuerit
439 2796 648 2871 mercenarius,
669 2793 802 2869 iutelligit
817 2792 923 2852 Mense
943 2792 1147 2871 occupationes
1169 2798 1273 2875 utpote
1290 2815 1367 2856 mer-

211 2897 283 2960 cede
300 2896 433 2956 conducti
453 2914 622 2975 comparans
638 2896 814 2953 Graecorum
833 2888 1007 2973 prodmrodc
1022 2898 1053 2952 et
1070 2883 1214 2972 ἆτέχνοιις
1234 2896 1287 2961 sol
1308 2891 1367 2963 ool·

209 3023 282 3081 ματι
303 2991 386 3081 μόνῳ
411 2994 587 3077 χροιιὲνοιις.
629 2995 785 3056 Praetereo
807 3000 892 3054 ocute
920 3006 1036 3071 monet,
1070 2994 1166 3054 officio
1192 2999 1231 3058 ad
1254 3018 1366 3061 merces

209 3100 372 3183 spectantis
389 3096 495 3179 (Vossr
515 3098 592 3176 „uie
613 3096 681 3158 selrr
699 3097 749 3159 ibn
769 3098 855 3158 binde
876 3102 929 3161 der
945 3093 1097 3176 Hnndel“)
1116 3114 1177 3158 rem
1198 3119 1264 3162 esse
1282 3104 1368 3165 nimis

209 3206 366 3267 fortuitum.
410 3202 493 3272 Quae
512 3202 626 3279 quidem
646 3198 822 3261 consoleris
842 3201 966 3277 ridetur,
988 3216 1074 3278 quum
1095 3216 1122 3259 v.
1138 3198 1190 3264 65.
1212 3200 1298 3263 bomo
1319 3204 1367 3265 ille

209 3304 483 3380 venumdentur,
505 3307 538 3362 nt
559 3304 675 3383 gravius
695 3302 751 3363 boc
772 3310 829 3381 est,
851 3302 930 3383 quod
950 3320 1090 3381 nusquam
1111 3308 1296 3364 mercenario
1316 3306 1367 3367 tuli

207 3408 420 3488 significatione
438 3405 588 3485 (Juvencr
608 3408 847 3486 „occupationes‚
868 3404 969 3487 quibus
989 3411 1164 3493 mercntorer
1185 3406 1365 3489 distinentur,

210 3506 397 3587 molestne“)
424 3508 572 3585 quisquam
600 3506 700 3586 legere
725 3511 861 3571 meminit.
905 3508 1046 3572 Exsulent
1070 3511 1158 3587 igitur
1182 3528 1218 3569 ex
1244 3508 1365 3571 Horatio

209 3612 436 3693 „occupationes
456 3610 485 3668 in
505 3611 664 3671 vendendis
683 3612 861 3691 mercibus,“
882 3630 953 3691 ques
975 3631 1038 3671 curn
1054 3610 1151 3670 Scbol.
1170 3610 1258 3691 Cruq.
1281 3616 1366 3675 etiam

208 3714 373 3793 intelligunt
392 3712 579 3784 Puooovius,
599 3712 629 3775 J.
653 3714 783 3774 Merkel.
792 3758 807 3787 ,
834 3712 1010 3775 omebelius
1018 3756 1032 3786 ,
1052 3716 1081 3773 in
1099 3732 1254 3791 eorumque
1272 3713 1366 3775 locum

210 3818 367 3877 succedunt
387 3815 612 3894 „computum
628 3816 666 3874 ob
687 3836 804 3897 opernm
818 3818 952 3880 mercede
967 3816 1136 3896 promissum
1151 3817 1367 3877 necessariae.“

210 3920 307 3999 Atque
327 3918 404 3979 houd
424 3918 484 3978 scio
505 3934 543 3975 ou
563 3918 647 3975 nimio
667 3917 732 3997 plus
752 3918 824 3982 illud
848 3936 979 4001 „parvos
1000 3919 1148 3978 mercedes
1170 3918 1252 3995 sequi
1260 3917 1282 3955 “
1301 3916 1364 3977 Sat.

213 4028 252 4101 1,
275 4024 314 4099 6,
336 4022 388 4085 87.
410 4020 568 4079 intenderit
586 4017 769 4093 Rodollriu,
790 4041 877 4101 quum
896 4040 985 4080 merc.
1005 4018 1108 4079 vincla
1129 4020 1365 4099 interpretaretur

210 4123 415 4202 ‚mecerssrios
435 4122 639 4199 occupationes
659 4120 799 4201 bominis,
827 4125 877 4201 qui
898 4124 1027 4183 collectis
1049 4142 1084 4182 ex
1105 4123 1182 4182 omni
1202 4129 1285 4202 ports
1305 4124 1366 4183 lor·

209 4224 290 4284 tnitis
310 4220 490 4282 mercedibus
510 4239 601 4299 reque
621 4242 657 4282 oc
677 4244 747 4284 suos
766 4224 867 4285 111111.
875 4226 898 4265 “
941 4224 1034 4283 Caute
1056 4222 1167 4281 Dana:
1199 4224 1366 4303 „s'excuse

210 4344 260 4386 sur
288 4324 333 4385 les
362 4324 441 4383 soins
470 4320 603 4401 qu’erige
628 4344 683 4385 son
705 4326 847 4386 metier.“
888 4326 934 4388 De
952 4328 979 4384 vi
1001 4332 1030 4385 et
1051 4330 1193 4386 structure
1214 4346 1241 4385 v.
1264 4347 1375 4388 erem..

210 4426 268 4487 rid.
289 4424 413 4505 Rupert.
433 4425 473 4482 sd
494 4420 559 4483 Liv.
580 4427 617 4503 6,
648 4430 708 4505 22,
737 4428 768 4491 3.
811 4428 916 4488 Woltb.
938 4437 968 4490 et
988 4427 1065 4508 llnp.
1085 4428 1124 4487 od
1145 4427 1216 4488 Tae.
1238 4427 1313 4493 Anu.
1337 4433 1367 4506 1,

211 4525 271 4602 69,
293 4529 324 4591 2.
368 4524 465 4584 Scin.
485 4527 525 4585 od
543 4525 573 4585 h.
594 4527 614 4586 l.
643 4562 687 4575 -
712 4528 749 4587 V.
771 4530 824 4593 68.
845 4550 934 4589 mune
954 4530 1086 4589 domum.
1129 4528 1259 4609 Intellige
1281 4532 1368 4591 officii

209 4625 371 4688 mtelucou
391 4626 590 4687 mlutotionem
609 4627 650 4709 (r.
672 4630 750 4710 76),
773 4631 810 4691 de
833 4652 891 4710 quo
911 4632 976 4693 vide
993 4630 1233 4795 Vop;.(g‹)l*Vrrg.
1256 4634 1311 4694 Ge.
1335 4636 1366 4707 2,
