3450 5334
333 490 397 556 218
432 492 720 555 COMMENTARII
737 492 781 553 IN
798 490 972 553 HORthl
991 492 1065 555 LlB.
1084 493 1107 553 I.
1128 493 1254 558 EPlST.
1270 494 1392 560 TERT.
1456 500 1498 562 28

334 699 394 741 rem
417 681 564 759 reperitur.
599 676 697 737 Nihilo
721 678 811 737 secius
841 680 872 738 iu
890 681 1011 740 eundem
1037 680 1097 738 iere
1122 681 1294 747 sententium
1317 680 1498 763 interpretati
1545 677 1548 683 “

334 791 403 842 sunt
428 781 555 840 Rodell'
599 780 815 858 ,Despresiue
823 823 836 853 ‚
868 781 1039 853 Dacorum,
1069 781 1273 854 Sauadonus,
1299 784 1497 863 Doeriugius,

334 884 389 947 olii.
432 883 458 941 Ε
480 880 687 962 lexicographis
711 889 824 961 praeter
845 881 916 942 ulios
940 884 971 942 iu
989 884 1065 943 huuc
1085 902 1200 943 ceruum
1216 886 1296 943 venit
1319 885 1496 944 editorGer-

334 987 459 1046 monicus
481 985 568 1042 lexic.
593 982 754 1044 Forcellin.
782 982 818 1041 ll.
848 1004 880 1063 p.
896 985 969 1048 311.
989 988 1044 1045 uisi
1063 992 1109 1045 est
1129 986 1329 1044 Fbrcellc'uirm
1349 988 1418 1066 ipse.
1454 984 1495 1045 At

335 1106 541 1166 quamcumque
565 1086 684 1163 elegeris
702 1085 983 1165 interpretationem,
1007 1088 1080 1149 huuc
1101 1090 1232 1165 quidem,
1257 1107 1341 1168 quae,
1366 1094 1399 1146 ut
1419 1094 1496 1147 eete-

333 1211 398 1268 rue,
423 1210 458 1250 ex
473 1188 603 1265 neglecto
627 1187 761 1246 Genitivo
783 1190 964 1267 epexegeb‘co
985 1196 1050 1251 ortu
1066 1193 1194 1268 videtur,
1219 1210 1254 1249 ex
1265 1192 1388 1250 Horatio
1413 1209 1495 1269 pror·

333 1312 382 1353 sus
404 1292 604 1351 eliminandam
627 1288 757 1348 arbitror.
785 1291 867 1359 Quae
882 1298 978 1351 eutem
991 1294 1049 1351 sint
1066 1294 1139 1353 istue
1153 1314 1257 1364 curae,
1281 1293 1307 1351 si
1322 1292 1494 1371 quaerimus,

333 1398 413 1455 veria
430 1401 476 1453 est
495 1391 718 1452 Scholiasterum
737 1391 897 1470 explicatio.
927 1396 1023 1453 herou
1040 1396 1129 1453 enirm
1150 1396 1344 1473 „oratorium
1364 1396 1495 1467 acjeam

332 1500 490 1555 scientiam
504 1496 578 1553 dicit
591 1495 737 1577 additque
752 1508 780 1555 et
790 1498 941 1575 poeticam
948 1540 961 1567 ,
982 1498 1056 1575 quia
1078 1517 1140 1553 non
1158 1500 1204 1554 ita
1218 1495 1323 1553 valent
1335 1506 1494 1573 amputare

333 1601 422 1671 uitia,
438 1609 472 1656 ut
480 1596 699 1675 philosophia“
721 1606 775 1661 etc.
797 1598 934 1677 [Breunh.
948 1598 1062 1677 scripsit
1077 1598 1202 1676 valeat).
1245 1598 1281 1657 Ei
1299 1598 1494 1657 mouentur

333 1704 370 1760 de
391 1702 573 1779 „poetica‘f
598 1699 777 1779 Porphyrion
795 1710 825 1761 et
842 1700 1030 1760 Britannicus.
1074 1701 1291 1761 commentator
1311 1705 1406 1758 autem
1419 1699 1494 1758 Cru-

332 1802 406 1879 quii:
429 1844 450 1880 „
460 1805 644 1875 avaritiam,
659 1802 852 1861 ambitionem
868 1802 1012 1881 intellegit
1017 1844 1030 1873 ‚
1052 1824 1131 1881 quae
1143 1803 1275 1862 reddunt
1286 1802 1438 1861 hominem
1451 1801 1496 1860 ad

333 1902 405 1959 bene
424 1905 576 1982 agendum
592 1906 689 1983 plane
704 1907 894 1985 frigidum.“
936 1906 1023 1964 Hunc
1044 1912 1203 1981 sequuntur
1216 1908 1385 1983 interpretes
1406 1904 1493 1982 pleri-

332 2023 389 2082 que
410 2025 516 2066 omnes.
560 2007 635 2067 Hinc
660 2008 810 2082 Orelltus;
832 2026 946 2086 „uuum
966 2007 1064 2065 vitium
1083 2007 1113 2065 iu
1131 2009 1220 2066 emico
1239 2007 1325 2065 libere
1340 2006 1493 2085 reprehen-

333 2108 393 2184 dit,
417 2108 496 2183 quod
515 2108 539 2165 is
563 2126 692 2189 quoque,
716 2116 748 2169 ut
770 2111 930 2187 aequalium
952 2108 1089 2188 plerique,
1112 2110 1199 2168 nimio
1218 2110 1287 2168 lucri
1308 2114 1339 2168 et
1356 2114 1492 2185 quaestus

331 2210 427 2267 studio
448 2208 622 2288 indulgebat.
638 2212 660 2249 ⁴⁶
703 2212 769 2271 Peri
796 2215 882 2273 modo
910 2212 1124 2288 stupentur.-
1146 2212 1335 2290 „diritiurum
1359 2210 1493 2288 colligen-

332 2312 432 2369 darum
452 2313 577 2371 studium
602 2318 632 2372 et
659 2314 840 2374 ambitionem
860 2318 938 2395 upud
962 2314 1144 2373 nobiliores“
1174 2319 1311 2390 sequente
1334 2332 1417 2372 versu
1440 2330 1492 2391 per

332 2415 404 2473 coel.
430 2418 611 2491 sapientiam
637 2416 753 2474 indicari
784 2418 924 2495 opinatur.
968 2415 1026 2491 At,
1053 2416 1078 2473 si
1103 2414 1193 2474 Poeta
1220 2415 1383 2493 abjiciendis
1406 2414 1492 2472 variis

331 2536 424 2575 rerum
446 2516 519 2575 curis
541 2515 609 2573 nihil
640 2517 717 2575 uliud
745 2517 881 2577 voluisset
901 2518 955 2576 uisi
987 2527 1146 2579 monstrare
1169 2519 1279 2578 aditum
1302 2517 1340 2577 ud
1368 2514 1492 2574 divinem

331 2616 523 2697 supimtiemi
559 2618 607 2675 Sic
627 2619 664 2676 de
689 2636 721 2676 se
745 2619 807 2696 ipso
832 2618 928 2699 Epist.
951 2622 986 2697 2,
1003 2624 1044 2699 2,
1068 2616 1235 2683 141-44.
1258 2619 1418 2676 Nimirum
1439 2637 1492 2674 sa-

326 2740 400 2797 pere
420 2729 463 2775 eet
490 2752 523 2764 -
550 2740 638 2777 verae
656 2740 852 2799 numerosque
873 2722 1033 2802 modosque
1053 2722 1180 2781 ediscere
1193 2724 1284 2780 auos.
1328 2721 1375 2779 Cf.
1396 2720 1489 2797 Epist.

333 2823 431 2900 1,1‚
457 2822 606 2885 10-12.
639 2821 720 2881 Idem
740 2825 829 2884 sentit
856 2825 1062 2886 Hocheclerus.
1104 2825 1144 2884 Et
1170 2845 1256 2903 quum
1275 2842 1404 2883 curarum
1430 2828 1490 2881 tum

332 2944 436 3002 magne
452 2924 490 2983 sit
505 2924 638 2998 varietas,
650 2926 714 3001 quis
725 2931 785 3003 est,
796 2928 844 3003 qui
854 2926 926 3005 illes,
941 2947 1013 3004 ques
1028 2929 1199 3009 interpretes
1213 2926 1328 3003 volunt,
1339 2925 1490 3003 umulicuri

331 3033 395 3087 tuto
411 3027 532 3086 affirmet
550 3032 637 3105 etque
658 3027 759 3086 obnixe
779 3029 962 3089 contendat?
993 3032 1064 3101 Quis
1080 3038 1144 3108 est,
1158 3032 1207 3108 qui
1225 3030 1348 3107 custiget
1359 3027 1490 3104 Plinium,

331 3150 418 3206 quum
437 3130 467 3187 iu
487 3125 581 3208 Epist.
609 3128 646 3207 9,
672 3132 713 3207 2,
740 3132 769 3192 1.
793 3134 827 3188 iu
848 3134 979 3211 epistolis
988 3176 1000 3205 ,
1021 3134 1132 3209 iuquit,
1148 3134 1272 3209 parcior
1291 3133 1359 3209 sici,
1373 3131 1491 3208 partim

331 3234 405 3311 quia
430 3242 500 3289 tucos
521 3234 730 3309 occupationes
751 3231 887 3305 verebar,
903 3239 1022 3312 partum
1044 3237 1118 3313 quia
1135 3236 1198 3311 ipse
1217 3233 1351 3291 muttum
1364 3234 1490 3291 debuiss-

327 3334 425 3414 gebar
443 3334 624 3413 plerrrmque
634 3333 766 3411 frigidis
786 3337 913 3414 negotiis
934 3342 988 3394 etc.
1011 3342 1043 3393 et
1059 3338 1098 3413 2,
1118 3337 1155 3413 8,
1176 3337 1206 3397 3.
1233 3335 1321 3393 Nam
1343 3333 1489 3393 veteribus

331 3436 457 3515 negotiis
480 3456 560 3493 nova
582 3448 775 3507 accrescunt,
802 3460 856 3495 nec
877 3448 979 3494 tamen
994 3440 1101 3515 priora
1120 3448 1327 3517 peraguntur:
1350 3449 1394 3495 tot
1405 3438 1489 3494 nexi-

332 3538 406 3609 bros,
436 3548 477 3594 tot
500 3540 589 3617 quasi
612 3539 724 3595 catenis
748 3544 848 3613 acajus
868 3542 902 3597 iu
921 3539 985 3598 dies
1006 3542 1237 3617 occupationum
1257 3560 1367 3619 agmen
1387 3550 1487 3597 estem

330 3640 423 3699 dinc.
441 3672 483 3682 -

415 3741 449 3803 V.
475 3744 527 3806 27.
546 3742 696 3818 sapientia
711 3742 852 3801 coelestis.
886 3745 952 3804 Hoc
966 3744 1104 3824 Epitheto
1127 3744 1258 3802 Boccho
1277 3762 1326 3822 ep.
1347 3742 1398 3802 Fe.
1415 3741 1487 3802 illud

330 3845 474 3906 Ciceronis
492 3846 522 3902 in
541 3843 627 3903 Tusc.
644 3842 681 3920 5,
698 3840 734 3919 4,
751 3845 819 3921 10.,
841 3844 891 3903 ubi
908 3847 1041 3907 Socrates
1064 3846 1272 3927 philosophiam
1293 3862 1311 3903 e
1332 3846 1411 3904 coelo
1437 3846 1488 3903 de-

330 3966 445 4007 vocasse
457 3946 576 4024 dicitur,
598 3944 748 4022 significari
767 3948 916 4026 opinatur,
935 3950 981 4007 alii
995 3949 1163 4027 Plutonem,
1184 3949 1232 4025 qui
1244 3949 1364 4007 eundem
1382 3950 1489 4007 donum

330 4049 456 4110 Deorum
472 4048 560 4123 dixit,
582 4046 711 4105 denotari
726 4049 845 4107 creduut
866 4049 937 4130 (vid.
952 4052 1011 4111 Cic
1028 4051 1116 4111 Tusc
1141 4053 1176 4128 1,
1200 4052 1258 4128 26,
1274 4046 1326 4111 64.
1349 4048 1437 4109 houd.
1459 4050 1488 4127 1,

235 4182 241 4195 ·
331 4153 368 4229 2,
383 4154 412 4214 8.
435 4150 527 4232 Epist.
548 4147 586 4207 ed
603 4146 667 4209 Dis.
685 4146 736 4226 15,
750 4144 782 4226 4,
800 4146 850 4215 42.
873 4153 974 4216 Stallb.
987 4155 1026 4212 ud
1038 4153 1112 4212 Plut.
1127 4152 1202 4213 Tim.
1217 4147 1269 4214 47.
1290 4152 1326 4211 Β.
1342 4172 1372 4231 p·
1391 4149 1488 4229 200.),

332 4254 434 4311 Mnus
463 4252 557 4333 ipone
583 4242 730 4333 οὐράνιον
737 4296 746 4327 ,
777 4271 860 4329 quem
883 4255 966 4317 Plato
990 4258 1019 4315 iu
1048 4256 1187 4315 convivio
1214 4254 1407 4334 descripserit.
1448 4251 1488 4311 At

330 4355 425 4432 potius
438 4374 501 4414 oum
519 4353 673 4411 Schmidio
687 4372 749 4412 meo
763 4373 798 4413 ex
817 4358 927 4417 ratione
941 4358 1144 4417 contrariorum
1167 4356 1353 4432 crediderim,
1369 4355 1487 4431 supun-

331 4455 405 4511 tiam
427 4456 471 4513 lric
493 4458 548 4514 dici
568 4456 737 4527 coelestem,
762 4464 915 4538 propterea
939 4461 1016 4537 quod
1034 4458 1162 4517 homiues
1183 4458 1261 4516 humi
1278 4457 1429 4535 depressos
1449 4457 1487 4514 ad

330 4553 431 4616 altiore
450 4556 668 4635 sublimiumque
692 4559 787 4621 ducat.
826 4562 925 4623 Seuec.
950 4561 1043 4641 Epist
1064 4559 1115 4622 65.
1143 4559 1280 4618 Amnius
1299 4562 1333 4617 in
1355 4556 1488 4617 vinculo
