<?xml version="1.0" encoding="UTF-8"?>
<!DOCTYPE html PUBLIC "-//W3C//DTD XHTML 1.0 Transitional//EN"
    "http://www.w3.org/TR/xhtml1/DTD/xhtml1-transitional.dtd">
<html xmlns="http://www.w3.org/1999/xhtml" xml:lang="en" lang="en">
 <head>
  <title>
</title>
<meta http-equiv="Content-Type" content="text/html;charset=utf-8" />
  <meta name='ocr-system' content='tesseract 3.04.00' />
  <meta name='ocr-capabilities' content='ocr_page ocr_carea ocr_par ocr_line ocrx_word'/>
</head>
<body>
  <div class='ocr_page' id='page_1' title='image "./quintihoratiifl01schmgoog_0051.png"; bbox 0 0 3450 5334; ppageno 0'>
   <div class='ocr_carea' id='block_1_1' title="bbox 547 1360 1139 1457">
    <p class='ocr_par' dir='ltr' id='par_1_1' title="bbox 547 1360 1139 1457">
     <span class='ocr_line' id='line_1_1' title="bbox 547 1360 1139 1457; baseline 0.002 -3"><span class='ocrx_word' id='word_1_1' title='bbox 547 1360 1139 1457; x_wconf 85' lang='lat' dir='ltr'><strong>COMMENTARII</strong></span> 
     </span>
    </p>
   </div>
   <div class='ocr_carea' id='block_1_2' title="bbox 816 1598 853 1643">
    <p class='ocr_par' dir='ltr' id='par_1_2' title="bbox 816 1598 853 1643">
     <span class='ocr_line' id='line_1_2' title="bbox 816 1598 853 1643; baseline 0 0"><span class='ocrx_word' id='word_1_2' title='bbox 816 1598 853 1643; x_wconf 78' lang='lat' dir='ltr'><strong>ru</strong></span> 
     </span>
    </p>
   </div>
   <div class='ocr_carea' id='block_1_3' title="bbox 257 1746 1417 2051">
    <p class='ocr_par' dir='ltr' id='par_1_3' title="bbox 257 1746 1417 2051">
     <span class='ocr_line' id='line_1_3' title="bbox 257 1746 1417 1833; baseline 0.009 -13"><span class='ocrx_word' id='word_1_3' title='bbox 257 1746 573 1827; x_wconf 77' lang='lat' dir='ltr'><strong>HORA&#39;I&#39;H</strong></span> <span class='ocrx_word' id='word_1_4' title='bbox 627 1757 1068 1832; x_wconf 73' lang='lat' dir='ltr'><strong>EPIS&#39;I&#39;OLAM</strong></span> <span class='ocrx_word' id='word_1_5' title='bbox 1127 1758 1417 1833; x_wconf 78' lang='lat' dir='ltr'><strong>PRIMAM</strong></span> 
     </span>
     <span class='ocr_line' id='line_1_4' title="bbox 698 1970 972 2051; baseline 0.007 -2"><span class='ocrx_word' id='word_1_6' title='bbox 698 1970 875 2051; x_wconf 81' lang='lat' dir='ltr'><strong>LIB·</strong></span> <span class='ocrx_word' id='word_1_7' title='bbox 930 1970 972 2051; x_wconf 90' lang='lat'><strong>1.</strong></span> 
     </span>
    </p>
   </div>
   <div class='ocr_carea' id='block_1_4' title="bbox 732 2172 938 2183">
    <p class='ocr_par' dir='ltr' id='par_1_4' title="bbox 732 2172 938 2183">
     <span class='ocr_line' id='line_1_5' title="bbox 732 2172 938 2183; baseline 0 0"><span class='ocrx_word' id='word_1_8' title='bbox 732 2172 938 2183; x_wconf 69' lang='lat'>————-—</span> 
     </span>
    </p>
   </div>
   <div class='ocr_carea' id='block_1_5' title="bbox 252 2304 1415 4266">
    <p class='ocr_par' dir='ltr' id='par_1_5' title="bbox 252 2304 1415 4266">
     <span class='ocr_line' id='line_1_6' title="bbox 256 2304 1415 2435; baseline 0.008 -35"><span class='ocrx_word' id='word_1_9' title='bbox 256 2304 421 2425; x_wconf 72' lang='lat' dir='ltr'><strong>Quicquid</strong></span> <span class='ocrx_word' id='word_1_10' title='bbox 434 2347 491 2405; x_wconf 86' lang='lat' dir='ltr'><strong>viri</strong></span> <span class='ocrx_word' id='word_1_11' title='bbox 503 2346 584 2408; x_wconf 88' lang='lat' dir='ltr'><strong>docti</strong></span> <span class='ocrx_word' id='word_1_12' title='bbox 604 2346 641 2407; x_wconf 85' lang='lat' dir='ltr'><strong>de</strong></span> <span class='ocrx_word' id='word_1_13' title='bbox 655 2353 888 2413; x_wconf 80' lang='lat' dir='ltr'><strong>Horatianarum</strong></span> <span class='ocrx_word' id='word_1_14' title='bbox 903 2354 1110 2435; x_wconf 84' lang='lat' dir='ltr'><strong>Epiatolarum</strong></span> <span class='ocrx_word' id='word_1_15' title='bbox 1124 2351 1239 2409; x_wconf 90' lang='lat' dir='ltr'><strong>ratione</strong></span> <span class='ocrx_word' id='word_1_16' title='bbox 1255 2370 1290 2408; x_wconf 89' lang='lat' dir='ltr'><strong>ac</strong></span> <span class='ocrx_word' id='word_1_17' title='bbox 1309 2363 1415 2409; x_wconf 88' lang='lat' dir='ltr'><strong>natura</strong></span> 
     </span>
     <span class='ocr_line' id='line_1_7' title="bbox 255 2446 1414 2537; baseline 0.01 -38"><span class='ocrx_word' id='word_1_18' title='bbox 255 2446 403 2521; x_wconf 78' lang='lat' dir='ltr'><strong>sentiunt,</strong></span> <span class='ocrx_word' id='word_1_19' title='bbox 422 2448 456 2505; x_wconf 88' lang='lat' dir='ltr'><strong>in</strong></span> <span class='ocrx_word' id='word_1_20' title='bbox 472 2471 525 2526; x_wconf 89' lang='lat' dir='ltr'><strong>eo,</strong></span> <span class='ocrx_word' id='word_1_21' title='bbox 553 2450 635 2533; x_wconf 91' lang='lat' dir='ltr'><strong>quod</strong></span> <span class='ocrx_word' id='word_1_22' title='bbox 659 2466 729 2511; x_wconf 80' lang='lat' dir='ltr'><strong>sunt</strong></span> <span class='ocrx_word' id='word_1_23' title='bbox 743 2452 940 2515; x_wconf 89' lang='lat' dir='ltr'><strong>humanitatis</strong></span> <span class='ocrx_word' id='word_1_24' title='bbox 957 2473 1079 2537; x_wconf 80' lang='lat' dir='ltr'><strong>sparsae</strong></span> <span class='ocrx_word' id='word_1_25' title='bbox 1100 2453 1268 2534; x_wconf 78' lang='lat' dir='ltr'><strong>ualeatque</strong></span> <span class='ocrx_word' id='word_1_26' title='bbox 1282 2453 1414 2533; x_wconf 82' lang='lat' dir='ltr'><strong>insigues</strong></span> 
     </span>
     <span class='ocr_line' id='line_1_8' title="bbox 255 2546 1415 2630; baseline 0.028 -32"><span class='ocrx_word' id='word_1_27' title='bbox 255 2546 381 2607; x_wconf 86' lang='lat' dir='ltr'><strong>mitioris</strong></span> <span class='ocrx_word' id='word_1_28' title='bbox 399 2552 564 2630; x_wconf 85' lang='lat' dir='ltr'><strong>sapientiae</strong></span> <span class='ocrx_word' id='word_1_29' title='bbox 578 2556 675 2627; x_wconf 89' lang='lat' dir='ltr'><strong>uotis,</strong></span> <span class='ocrx_word' id='word_1_30' title='bbox 696 2576 800 2617; x_wconf 84' lang='lat' dir='ltr'><strong>omnes</strong></span> <span class='ocrx_word' id='word_1_31' title='bbox 823 2563 1013 2618; x_wconf 78' lang='lat' dir='ltr'><strong>consentiant</strong></span> <span class='ocrx_word' id='word_1_32' title='bbox 1038 2574 1162 2612; x_wconf 62' lang='grc'><strong>11809889</strong></span> <span class='ocrx_word' id='word_1_33' title='bbox 1185 2567 1241 2613; x_wconf 67' lang='lat'><strong>0⁸¹·</strong></span> <span class='ocrx_word' id='word_1_34' title='bbox 1300 2558 1415 2628; x_wconf 66' lang='lat' dir='ltr'><strong>0¹¹⁰d⁸i</strong></span> 
     </span>
     <span class='ocr_line' id='line_1_9' title="bbox 256 2648 1415 2736; baseline 0.012 -33"><span class='ocrx_word' id='word_1_35' title='bbox 256 2666 399 2725; x_wconf 79' lang='lat' dir='ltr'><strong>quaeras,</strong></span> <span class='ocrx_word' id='word_1_36' title='bbox 425 2662 455 2707; x_wconf 86' lang='lat' dir='ltr'><strong>et</strong></span> <span class='ocrx_word' id='word_1_37' title='bbox 469 2648 559 2711; x_wconf 89' lang='lat' dir='ltr'><strong>hodie</strong></span> <span class='ocrx_word' id='word_1_38' title='bbox 573 2659 743 2735; x_wconf 85' lang='lat' dir='ltr'><strong>quaesitum</strong></span> <span class='ocrx_word' id='word_1_39' title='bbox 758 2670 819 2735; x_wconf 84' lang='lat' dir='ltr'><strong>est,</strong></span> <span class='ocrx_word' id='word_1_40' title='bbox 844 2670 949 2719; x_wconf 89' lang='lat' dir='ltr'><strong>utrum</strong></span> <span class='ocrx_word' id='word_1_41' title='bbox 962 2681 1015 2719; x_wconf 84' lang='lat' dir='ltr'><strong>eae</strong></span> <span class='ocrx_word' id='word_1_42' title='bbox 1030 2654 1068 2713; x_wconf 88' lang='lat' dir='ltr'><strong>ad</strong></span> <span class='ocrx_word' id='word_1_43' title='bbox 1085 2658 1240 2736; x_wconf 73' lang='lat' dir='ltr'><strong>poeticum</strong></span> <span class='ocrx_word' id='word_1_44' title='bbox 1261 2657 1415 2736; x_wconf 80' lang='lat' dir='ltr'><strong>quoddam</strong></span> 
     </span>
     <span class='ocr_line' id='line_1_10' title="bbox 255 2753 1414 2839; baseline 0.017 -35"><span class='ocrx_word' id='word_1_45' title='bbox 255 2767 348 2825; x_wconf 85' lang='lat' dir='ltr'><strong>genus</strong></span> <span class='ocrx_word' id='word_1_46' title='bbox 369 2753 490 2830; x_wconf 78' lang='lat' dir='ltr'><strong>auspice</strong></span> <span class='ocrx_word' id='word_1_47' title='bbox 511 2756 598 2813; x_wconf 85' lang='lat' dir='ltr'><strong>Musa</strong></span> <span class='ocrx_word' id='word_1_48' title='bbox 620 2763 821 2839; x_wconf 82' lang='lat' dir='ltr'><strong>compositum</strong></span> <span class='ocrx_word' id='word_1_49' title='bbox 842 2764 1034 2838; x_wconf 87' lang='lat' dir='ltr'><strong>pertineant,</strong></span> <span class='ocrx_word' id='word_1_50' title='bbox 1057 2776 1096 2813; x_wconf 72' lang='lat' dir='ltr'><strong>an</strong></span> <span class='ocrx_word' id='word_1_51' title='bbox 1118 2778 1225 2837; x_wconf 78' lang='lat' dir='ltr'><strong>protae</strong></span> <span class='ocrx_word' id='word_1_52' title='bbox 1247 2762 1414 2819; x_wconf 74' lang='lat' dir='ltr'><strong>oratiunia</strong></span> 
     </span>
     <span class='ocr_line' id='line_1_11' title="bbox 254 2853 1414 2939; baseline 0.01 -31"><span class='ocrx_word' id='word_1_53' title='bbox 254 2853 317 2910; x_wconf 84' lang='lat' dir='ltr'><strong>sola</strong></span> <span class='ocrx_word' id='word_1_54' title='bbox 329 2853 522 2933; x_wconf 84' lang='lat' dir='ltr'><strong>intelligendi</strong></span> <span class='ocrx_word' id='word_1_55' title='bbox 537 2858 569 2913; x_wconf 84' lang='lat' dir='ltr'><strong>vi</strong></span> <span class='ocrx_word' id='word_1_56' title='bbox 591 2860 741 2937; x_wconf 84' lang='lat' dir='ltr'><strong>profectae</strong></span> <span class='ocrx_word' id='word_1_57' title='bbox 757 2874 787 2920; x_wconf 89' lang='lat' dir='ltr'><strong>et</strong></span> <span class='ocrx_word' id='word_1_58' title='bbox 804 2862 923 2939; x_wconf 86' lang='lat' dir='ltr'><strong>legibus</strong></span> <span class='ocrx_word' id='word_1_59' title='bbox 938 2862 1073 2919; x_wconf 83' lang='lat' dir='ltr'><strong>metricis</strong></span> <span class='ocrx_word' id='word_1_60' title='bbox 1097 2858 1307 2920; x_wconf 89' lang='lat' dir='ltr'><strong>tautummodo</strong></span> <span class='ocrx_word' id='word_1_61' title='bbox 1326 2866 1414 2921; x_wconf 80' lang='lat' dir='ltr'><strong>astri-</strong></span> 
     </span>
     <span class='ocr_line' id='line_1_12' title="bbox 255 2955 1415 3042; baseline 0.009 -31"><span class='ocrx_word' id='word_1_62' title='bbox 255 2965 318 3012; x_wconf 82' lang='lat' dir='ltr'><strong>ctae</strong></span> <span class='ocrx_word' id='word_1_63' title='bbox 334 2955 578 3015; x_wconf 84' lang='lat' dir='ltr'><strong>annumerandae</strong></span> <span class='ocrx_word' id='word_1_64' title='bbox 601 2956 777 3037; x_wconf 85' lang='lat' dir='ltr'><strong>videautur,</strong></span> <span class='ocrx_word' id='word_1_65' title='bbox 796 2965 899 3042; x_wconf 84' lang='lat' dir='ltr'><strong>ipsum</strong></span> <span class='ocrx_word' id='word_1_66' title='bbox 920 2964 996 3021; x_wconf 88' lang='lat' dir='ltr'><strong>libet</strong></span> <span class='ocrx_word' id='word_1_67' title='bbox 1017 2958 1122 3018; x_wconf 89' lang='lat' dir='ltr'><strong>audire</strong></span> <span class='ocrx_word' id='word_1_68' title='bbox 1138 2963 1281 3034; x_wconf 73' lang='lat' dir='ltr'><strong>Ponam,</strong></span> <span class='ocrx_word' id='word_1_69' title='bbox 1304 2965 1415 3042; x_wconf 84' lang='lat' dir='ltr'><strong>quiex</strong></span> 
     </span>
     <span class='ocr_line' id='line_1_13' title="bbox 254 3060 1414 3142; baseline 0.008 -29"><span class='ocrx_word' id='word_1_70' title='bbox 254 3062 411 3133; x_wconf 76' lang='lat' dir='ltr'><strong>potiturum</strong></span> <span class='ocrx_word' id='word_1_71' title='bbox 425 3078 552 3116; x_wconf 89' lang='lat' dir='ltr'><strong>numero</strong></span> <span class='ocrx_word' id='word_1_72' title='bbox 567 3080 599 3117; x_wconf 86' lang='lat' dir='ltr'><strong>se</strong></span> <span class='ocrx_word' id='word_1_73' title='bbox 613 3072 717 3140; x_wconf 89' lang='lat' dir='ltr'><strong>utpote</strong></span> <span class='ocrx_word' id='word_1_74' title='bbox 731 3064 864 3120; x_wconf 85' lang='lat' dir='ltr'><strong>sermoni</strong></span> <span class='ocrx_word' id='word_1_75' title='bbox 879 3066 1018 3142; x_wconf 90' lang='lat' dir='ltr'><strong>propiora</strong></span> <span class='ocrx_word' id='word_1_76' title='bbox 1037 3060 1188 3120; x_wconf 84' lang='lat' dir='ltr'><strong>dicentem</strong></span> <span class='ocrx_word' id='word_1_77' title='bbox 1203 3064 1338 3122; x_wconf 80' lang='lat' dir='ltr'><strong>eximere</strong></span> <span class='ocrx_word' id='word_1_78' title='bbox 1352 3086 1414 3125; x_wconf 86' lang='lat' dir='ltr'><strong>nou</strong></span> 
     </span>
     <span class='ocr_line' id='line_1_14' title="bbox 255 3156 1414 3246; baseline 0.013 -34"><span class='ocrx_word' id='word_1_79' title='bbox 255 3158 369 3215; x_wconf 87' lang='lat' dir='ltr'><strong>dubitat</strong></span> <span class='ocrx_word' id='word_1_80' title='bbox 384 3160 448 3217; x_wconf 89' lang='lat' dir='ltr'><strong>Sat.</strong></span> <span class='ocrx_word' id='word_1_81' title='bbox 466 3158 494 3233; x_wconf 90' lang='lat'><strong>1,</strong></span> <span class='ocrx_word' id='word_1_82' title='bbox 509 3156 539 3231; x_wconf 77' lang='grc'><strong>4,</strong></span> <span class='ocrx_word' id='word_1_83' title='bbox 554 3160 681 3225; x_wconf 80' lang='grc'><strong>39-63</strong></span> <span class='ocrx_word' id='word_1_84' title='bbox 711 3173 741 3219; x_wconf 88' lang='lat' dir='ltr'><strong>et</strong></span> <span class='ocrx_word' id='word_1_85' title='bbox 755 3165 852 3244; x_wconf 83' lang='lat' dir='ltr'><strong>Epist.</strong></span> <span class='ocrx_word' id='word_1_86' title='bbox 876 3164 1050 3238; x_wconf 78' lang='lat'><strong>2,1,250.</strong></span> <span class='ocrx_word' id='word_1_87' title='bbox 1094 3166 1159 3235; x_wconf 79' lang='lat' dir='ltr'><strong>Qua</strong></span> <span class='ocrx_word' id='word_1_88' title='bbox 1183 3162 1307 3246; x_wconf 89' lang='lat' dir='ltr'><strong>quidem</strong></span> <span class='ocrx_word' id='word_1_89' title='bbox 1327 3170 1360 3225; x_wconf 90' lang='lat' dir='ltr'><strong>in</strong></span> <span class='ocrx_word' id='word_1_90' title='bbox 1382 3190 1414 3227; x_wconf 89' lang='lat' dir='ltr'><strong>re</strong></span> 
     </span>
     <span class='ocr_line' id='line_1_15' title="bbox 254 3256 1413 3348; baseline 0.012 -33"><span class='ocrx_word' id='word_1_91' title='bbox 254 3256 438 3315; x_wconf 84' lang='lat' dir='ltr'><strong>observanda</strong></span> <span class='ocrx_word' id='word_1_92' title='bbox 452 3270 523 3317; x_wconf 72' lang='lat' dir='ltr'><strong>emt</strong></span> <span class='ocrx_word' id='word_1_93' title='bbox 532 3258 602 3321; x_wconf 93' lang='lat' dir='ltr'><strong>duo.</strong></span> <span class='ocrx_word' id='word_1_94' title='bbox 646 3265 784 3322; x_wconf 87' lang='lat' dir='ltr'><strong>Primum</strong></span> <span class='ocrx_word' id='word_1_95' title='bbox 807 3265 890 3323; x_wconf 85' lang='lat' dir='ltr'><strong>enim</strong></span> <span class='ocrx_word' id='word_1_96' title='bbox 901 3266 1031 3323; x_wconf 86' lang='lat' dir='ltr'><strong>Romani</strong></span> <span class='ocrx_word' id='word_1_97' title='bbox 1050 3268 1148 3345; x_wconf 81' lang='lat' dir='ltr'><strong>magis</strong></span> <span class='ocrx_word' id='word_1_98' title='bbox 1170 3266 1203 3323; x_wconf 93' lang='lat' dir='ltr'><strong>in</strong></span> <span class='ocrx_word' id='word_1_99' title='bbox 1223 3287 1256 3324; x_wconf 91' lang='lat' dir='ltr'><strong>re</strong></span> <span class='ocrx_word' id='word_1_100' title='bbox 1276 3270 1341 3348; x_wconf 84' lang='lat' dir='ltr'><strong>ipsa</strong></span> <span class='ocrx_word' id='word_1_101' title='bbox 1358 3269 1413 3329; x_wconf 88' lang='lat' dir='ltr'><strong>de-</strong></span> 
     </span>
     <span class='ocr_line' id='line_1_16' title="bbox 253 3359 1413 3452; baseline 0.016 -39"><span class='ocrx_word' id='word_1_102' title='bbox 253 3359 362 3437; x_wconf 84' lang='lat' dir='ltr'><strong>scripto</strong></span> <span class='ocrx_word' id='word_1_103' title='bbox 377 3378 470 3438; x_wconf 85' lang='lat' dir='ltr'><strong>quam</strong></span> <span class='ocrx_word' id='word_1_104' title='bbox 487 3362 518 3417; x_wconf 88' lang='lat' dir='ltr'><strong>in</strong></span> <span class='ocrx_word' id='word_1_105' title='bbox 539 3384 592 3436; x_wconf 90' lang='lat' dir='ltr'><strong>eo,</strong></span> <span class='ocrx_word' id='word_1_106' title='bbox 616 3363 699 3446; x_wconf 90' lang='lat' dir='ltr'><strong>quod</strong></span> <span class='ocrx_word' id='word_1_107' title='bbox 721 3368 876 3444; x_wconf 85' lang='lat' dir='ltr'><strong>spectabat</strong></span> <span class='ocrx_word' id='word_1_108' title='bbox 898 3368 1056 3426; x_wconf 75' lang='lat' dir='ltr'><strong>scribentis</strong></span> <span class='ocrx_word' id='word_1_109' title='bbox 1077 3388 1112 3425; x_wconf 89' lang='lat' dir='ltr'><strong>ac</strong></span> <span class='ocrx_word' id='word_1_110' title='bbox 1127 3367 1302 3430; x_wconf 87' lang='lat' dir='ltr'><strong>meditantis</strong></span> <span class='ocrx_word' id='word_1_111' title='bbox 1325 3376 1413 3452; x_wconf 86' lang='lat' dir='ltr'><strong>inge-</strong></span> 
     </span>
     <span class='ocr_line' id='line_1_17' title="bbox 253 3463 1412 3546; baseline 0.016 -30"><span class='ocrx_word' id='word_1_112' title='bbox 253 3463 354 3534; x_wconf 88' lang='lat' dir='ltr'><strong>nium,</strong></span> <span class='ocrx_word' id='word_1_113' title='bbox 380 3478 502 3517; x_wconf 87' lang='lat' dir='ltr'><strong>omnem</strong></span> <span class='ocrx_word' id='word_1_114' title='bbox 517 3463 660 3525; x_wconf 80' lang='lat' dir='ltr'><strong>videbant</strong></span> <span class='ocrx_word' id='word_1_115' title='bbox 681 3474 810 3546; x_wconf 67' lang='lat' dir='ltr'><strong>potaeos</strong></span> <span class='ocrx_word' id='word_1_116' title='bbox 825 3472 890 3528; x_wconf 87' lang='lat' dir='ltr'><strong>rim</strong></span> <span class='ocrx_word' id='word_1_117' title='bbox 906 3481 1109 3543; x_wconf 76' lang='lat' dir='ltr'><strong>conaturam,</strong></span> <span class='ocrx_word' id='word_1_118' title='bbox 1127 3480 1163 3527; x_wconf 87' lang='lat' dir='ltr'><strong>ut</strong></span> <span class='ocrx_word' id='word_1_119' title='bbox 1176 3471 1255 3529; x_wconf 88' lang='lat' dir='ltr'><strong>bene</strong></span> <span class='ocrx_word' id='word_1_120' title='bbox 1270 3473 1412 3533; x_wconf 75' lang='lat' dir='ltr'><strong>observa-</strong></span> 
     </span>
     <span class='ocr_line' id='line_1_18' title="bbox 253 3562 1413 3648; baseline 0.016 -31"><span class='ocrx_word' id='word_1_121' title='bbox 253 3562 297 3617; x_wconf 81' lang='lat' dir='ltr'><strong>vit</strong></span> <span class='ocrx_word' id='word_1_122' title='bbox 317 3562 354 3619; x_wconf 87' lang='lat' dir='ltr'><strong>F.</strong></span> <span class='ocrx_word' id='word_1_123' title='bbox 373 3562 538 3620; x_wconf 70' lang='lat' dir='ltr'><strong>Passovius</strong></span> <span class='ocrx_word' id='word_1_124' title='bbox 554 3564 593 3623; x_wconf 88' lang='lat' dir='ltr'><strong>ad</strong></span> <span class='ocrx_word' id='word_1_125' title='bbox 606 3570 690 3628; x_wconf 88' lang='lat' dir='ltr'><strong>Pers.</strong></span> <span class='ocrx_word' id='word_1_126' title='bbox 711 3590 742 3648; x_wconf 89' lang='lat' dir='ltr'><strong>p.</strong></span> <span class='ocrx_word' id='word_1_127' title='bbox 757 3573 828 3633; x_wconf 77' lang='lat'><strong>294.</strong></span> <span class='ocrx_word' id='word_1_128' title='bbox 879 3572 963 3629; x_wconf 86' lang='lat' dir='ltr'><strong>Tum</strong></span> <span class='ocrx_word' id='word_1_129' title='bbox 978 3575 1137 3644; x_wconf 80' lang='lat' dir='ltr'><strong>Horatius,</strong></span> <span class='ocrx_word' id='word_1_130' title='bbox 1159 3573 1223 3631; x_wconf 83' lang='lat' dir='ltr'><strong>sive</strong></span> <span class='ocrx_word' id='word_1_131' title='bbox 1247 3578 1325 3634; x_wconf 86' lang='lat' dir='ltr'><strong>serio</strong></span> <span class='ocrx_word' id='word_1_132' title='bbox 1349 3580 1413 3636; x_wconf 84' lang='lat' dir='ltr'><strong>sive</strong></span> 
     </span>
     <span class='ocr_line' id='line_1_19' title="bbox 253 3657 1413 3759; baseline 0.015 -38"><span class='ocrx_word' id='word_1_133' title='bbox 253 3664 392 3721; x_wconf 86' lang='lat' dir='ltr'><strong>simulate</strong></span> <span class='ocrx_word' id='word_1_134' title='bbox 415 3657 442 3739; x_wconf 75' lang='lat'><strong>⁸)</strong></span> <span class='ocrx_word' id='word_1_135' title='bbox 466 3658 561 3737; x_wconf 84' lang='lat' dir='ltr'><strong>dixit,</strong></span> <span class='ocrx_word' id='word_1_136' title='bbox 591 3668 623 3725; x_wconf 90' lang='lat' dir='ltr'><strong>in</strong></span> <span class='ocrx_word' id='word_1_137' title='bbox 635 3672 781 3749; x_wconf 82' lang='lat' dir='ltr'><strong>Epistolis</strong></span> <span class='ocrx_word' id='word_1_138' title='bbox 798 3673 1022 3734; x_wconf 87' lang='lat' dir='ltr'><strong>conscribendis</strong></span> <span class='ocrx_word' id='word_1_139' title='bbox 1039 3682 1149 3755; x_wconf 70' lang='lat' dir='ltr'><strong>poetae</strong></span> <span class='ocrx_word' id='word_1_140' title='bbox 1172 3678 1299 3734; x_wconf 89' lang='lat' dir='ltr'><strong>minime</strong></span> <span class='ocrx_word' id='word_1_141' title='bbox 1317 3676 1413 3759; x_wconf 87' lang='lat' dir='ltr'><strong>depo-</strong></span> 
     </span>
     <span class='ocr_line' id='line_1_20' title="bbox 252 3766 1412 3856; baseline 0.016 -35"><span class='ocrx_word' id='word_1_142' title='bbox 252 3766 311 3821; x_wconf 85' lang='lat' dir='ltr'><strong>suit</strong></span> <span class='ocrx_word' id='word_1_143' title='bbox 323 3782 501 3845; x_wconf 84' lang='lat' dir='ltr'><strong>personam,</strong></span> <span class='ocrx_word' id='word_1_144' title='bbox 517 3766 580 3825; x_wconf 85' lang='lat' dir='ltr'><strong>sivc</strong></span> <span class='ocrx_word' id='word_1_145' title='bbox 599 3780 716 3848; x_wconf 83' lang='lat' dir='ltr'><strong>spectes</strong></span> <span class='ocrx_word' id='word_1_146' title='bbox 734 3783 893 3831; x_wconf 86' lang='lat' dir='ltr'><strong>externam</strong></span> <span class='ocrx_word' id='word_1_147' title='bbox 908 3776 1114 3856; x_wconf 81' lang='lat' dir='ltr'><strong>Epistularum</strong></span> <span class='ocrx_word' id='word_1_148' title='bbox 1128 3778 1268 3852; x_wconf 84' lang='lat' dir='ltr'><strong>formam,</strong></span> <span class='ocrx_word' id='word_1_149' title='bbox 1285 3781 1347 3838; x_wconf 85' lang='lat' dir='ltr'><strong>sire</strong></span> <span class='ocrx_word' id='word_1_150' title='bbox 1362 3803 1412 3840; x_wconf 84' lang='lat' dir='ltr'><strong>rc-</strong></span> 
     </span>
     <span class='ocr_line' id='line_1_21' title="bbox 252 3864 1412 3963; baseline 0.019 -42"><span class='ocrx_word' id='word_1_151' title='bbox 252 3884 318 3921; x_wconf 87' lang='lat' dir='ltr'><strong>rum</strong></span> <span class='ocrx_word' id='word_1_152' title='bbox 330 3868 464 3945; x_wconf 85' lang='lat' dir='ltr'><strong>ipsarum</strong></span> <span class='ocrx_word' id='word_1_153' title='bbox 475 3864 697 3946; x_wconf 75' lang='lat' dir='ltr'><strong>inventionem,</strong></span> <span class='ocrx_word' id='word_1_154' title='bbox 713 3868 960 3951; x_wconf 84' lang='lat' dir='ltr'><strong>dispositionem,</strong></span> <span class='ocrx_word' id='word_1_155' title='bbox 983 3883 1214 3953; x_wconf 70' lang='lat' dir='ltr'><strong>tractationem</strong></span> <span class='ocrx_word' id='word_1_156' title='bbox 1236 3900 1412 3963; x_wconf 88' lang='lat' dir='ltr'><strong>quanquam</strong></span> 
     </span>
     <span class='ocr_line' id='line_1_22' title="bbox 252 3966 1411 4063; baseline 0.022 -43"><span class='ocrx_word' id='word_1_157' title='bbox 252 3975 337 4039; x_wconf 83' lang='lat' dir='ltr'><strong>sunt,</strong></span> <span class='ocrx_word' id='word_1_158' title='bbox 363 3968 467 4046; x_wconf 84' lang='lat' dir='ltr'><strong>quiet</strong></span> <span class='ocrx_word' id='word_1_159' title='bbox 490 3966 597 4025; x_wconf 86' lang='lat' dir='ltr'><strong>Satiris</strong></span> <span class='ocrx_word' id='word_1_160' title='bbox 621 3981 652 4028; x_wconf 89' lang='lat' dir='ltr'><strong>et</strong></span> <span class='ocrx_word' id='word_1_161' title='bbox 672 3972 831 4052; x_wconf 82' lang='lat' dir='ltr'><strong>Epistolis,</strong></span> <span class='ocrx_word' id='word_1_162' title='bbox 858 3990 981 4059; x_wconf 86' lang='lat' dir='ltr'><strong>utpote,</strong></span> <span class='ocrx_word' id='word_1_163' title='bbox 1003 3986 1127 4061; x_wconf 85' lang='lat' dir='ltr'><strong>opinor,</strong></span> <span class='ocrx_word' id='word_1_164' title='bbox 1155 3984 1259 4042; x_wconf 76' lang='lat' dir='ltr'><strong>afflatu</strong></span> <span class='ocrx_word' id='word_1_165' title='bbox 1279 3982 1411 4063; x_wconf 91' lang='lat' dir='ltr'><strong>quodam</strong></span> 
     </span>
     <span class='ocr_line' id='line_1_23' title="bbox 252 4064 1408 4167; baseline 0.017 -44"><span class='ocrx_word' id='word_1_166' title='bbox 252 4064 353 4125; x_wconf 80' lang='lat' dir='ltr'><strong>divino</strong></span> <span class='ocrx_word' id='word_1_167' title='bbox 373 4070 557 4143; x_wconf 84' lang='lat' dir='ltr'><strong>carentibus,</strong></span> <span class='ocrx_word' id='word_1_168' title='bbox 579 4090 700 4130; x_wconf 88' lang='lat' dir='ltr'><strong>omnem</strong></span> <span class='ocrx_word' id='word_1_169' title='bbox 713 4073 776 4131; x_wconf 82' lang='lat' dir='ltr'><strong>sere</strong></span> <span class='ocrx_word' id='word_1_170' title='bbox 795 4083 945 4155; x_wconf 74' lang='lat' dir='ltr'><strong>poeticam</strong></span> <span class='ocrx_word' id='word_1_171' title='bbox 967 4083 1030 4140; x_wconf 81' lang='lat' dir='ltr'><strong>rim</strong></span> <span class='ocrx_word' id='word_1_172' title='bbox 1050 4084 1233 4162; x_wconf 88' lang='lat' dir='ltr'><strong>abjudicent.</strong></span> <span class='ocrx_word' id='word_1_173' title='bbox 1277 4086 1323 4143; x_wconf 85' lang='lat' dir='ltr'><strong>Cf.</strong></span> <span class='ocrx_word' id='word_1_174' title='bbox 1341 4088 1408 4167; x_wconf 78' lang='lat' dir='ltr'><strong>Ag.</strong></span> 
     </span>
     <span class='ocr_line' id='line_1_24' title="bbox 252 4168 1409 4266; baseline 0.023 -42"><span class='ocrx_word' id='word_1_175' title='bbox 252 4168 384 4249; x_wconf 76' lang='lat' dir='ltr'><strong>Benary.</strong></span> <span class='ocrx_word' id='word_1_176' title='bbox 405 4172 439 4227; x_wconf 91' lang='lat' dir='ltr'><strong>iu</strong></span> <span class='ocrx_word' id='word_1_177' title='bbox 450 4172 565 4230; x_wconf 83' lang='lat' dir='ltr'><strong>Berlin.</strong></span> <span class='ocrx_word' id='word_1_178' title='bbox 579 4169 706 4233; x_wconf 81' lang='lat' dir='ltr'><strong>Jalrrbb.</strong></span> <span class='ocrx_word' id='word_1_179' title='bbox 725 4178 749 4236; x_wconf 82' lang='lat' dir='ltr'><strong>f.</strong></span> <span class='ocrx_word' id='word_1_180' title='bbox 767 4181 1142 4249; x_wconf 76' lang='lat' dir='ltr'><strong>wissensch.1trit.1834.</strong></span> <span class='ocrx_word' id='word_1_181' title='bbox 1161 4207 1193 4266; x_wconf 86' lang='lat' dir='ltr'><strong>p·</strong></span> <span class='ocrx_word' id='word_1_182' title='bbox 1212 4186 1273 4249; x_wconf 80' lang='grc'><strong>569</strong></span> <span class='ocrx_word' id='word_1_183' title='bbox 1292 4198 1322 4245; x_wconf 80' lang='lat' dir='ltr'><strong>et</strong></span> <span class='ocrx_word' id='word_1_184' title='bbox 1338 4186 1409 4252; x_wconf 80' lang='grc'><strong>584.</strong></span> 
     </span>
    </p>
   </div>
   <div class='ocr_carea' id='block_1_6' title="bbox 251 4448 1409 4629">
    <p class='ocr_par' dir='ltr' id='par_1_6' title="bbox 251 4448 1409 4629">
     <span class='ocr_line' id='line_1_25' title="bbox 318 4448 1409 4540; baseline 0.019 -36"><span class='ocrx_word' id='word_1_185' title='bbox 318 4448 348 4521; x_wconf 77' lang='grc'><strong>*)</strong></span> <span class='ocrx_word' id='word_1_186' title='bbox 370 4451 412 4505; x_wconf 86' lang='lat' dir='ltr'><strong>De</strong></span> <span class='ocrx_word' id='word_1_187' title='bbox 425 4452 475 4505; x_wconf 79' lang='lat' dir='ltr'><strong>hac</strong></span> <span class='ocrx_word' id='word_1_188' title='bbox 486 4452 583 4508; x_wconf 79' lang='lat' dir='ltr'><strong>callida</strong></span> <span class='ocrx_word' id='word_1_189' title='bbox 593 4452 700 4511; x_wconf 82' lang='lat' dir='ltr'><strong>Horatii</strong></span> <span class='ocrx_word' id='word_1_190' title='bbox 712 4458 921 4515; x_wconf 69' lang='lat' dir='ltr'><strong>dininulmioue</strong></span> <span class='ocrx_word' id='word_1_191' title='bbox 932 4480 1017 4535; x_wconf 77' lang='lat' dir='ltr'><strong>nuper</strong></span> <span class='ocrx_word' id='word_1_192' title='bbox 1027 4464 1098 4521; x_wconf 82' lang='lat' dir='ltr'><strong>dixit</strong></span> <span class='ocrx_word' id='word_1_193' title='bbox 1108 4464 1142 4521; x_wconf 77' lang='lat' dir='ltr'><strong>A.</strong></span> <span class='ocrx_word' id='word_1_194' title='bbox 1157 4467 1195 4521; x_wconf 73' lang='lat' dir='ltr'><strong>G.</strong></span> <span class='ocrx_word' id='word_1_195' title='bbox 1208 4468 1296 4539; x_wconf 58' lang='lat' dir='ltr'><strong>licia,</strong></span> <span class='ocrx_word' id='word_1_196' title='bbox 1308 4470 1344 4526; x_wconf 85' lang='lat' dir='ltr'><strong>V.</strong></span> <span class='ocrx_word' id='word_1_197' title='bbox 1356 4470 1409 4540; x_wconf 81' lang='lat' dir='ltr'><strong>ct,</strong></span> 
     </span>
     <span class='ocr_line' id='line_1_26' title="bbox 251 4531 1343 4629; baseline 0.026 -44"><span class='ocrx_word' id='word_1_198' title='bbox 251 4532 279 4585; x_wconf 87' lang='lat' dir='ltr'><strong>iu</strong></span> <span class='ocrx_word' id='word_1_199' title='bbox 290 4531 385 4605; x_wconf 77' lang='lat' dir='ltr'><strong>Progr.</strong></span> <span class='ocrx_word' id='word_1_200' title='bbox 398 4537 495 4609; x_wconf 64' lang='lat' dir='ltr'><strong>schol„</strong></span> <span class='ocrx_word' id='word_1_201' title='bbox 505 4538 536 4593; x_wconf 78' lang='lat' dir='ltr'><strong>in</strong></span> <span class='ocrx_word' id='word_1_202' title='bbox 548 4558 600 4611; x_wconf 73' lang='lat' dir='ltr'><strong>qao</strong></span> <span class='ocrx_word' id='word_1_203' title='bbox 613 4543 647 4598; x_wconf 81' lang='lat' dir='ltr'><strong>dc</strong></span> <span class='ocrx_word' id='word_1_204' title='bbox 658 4544 834 4603; x_wconf 66' lang='lat' dir='ltr'><strong>Romarm</strong></span> <span class='ocrx_word' id='word_1_205' title='bbox 844 4546 944 4602; x_wconf 66' lang='lat' dir='ltr'><strong>satri·</strong></span> <span class='ocrx_word' id='word_1_206' title='bbox 954 4550 1058 4619; x_wconf 58' lang='lat' dir='ltr'><strong>asdor.</strong></span> <span class='ocrx_word' id='word_1_207' title='bbox 1082 4551 1174 4607; x_wconf 75' lang='lat' dir='ltr'><strong>(ierac</strong></span> <span class='ocrx_word' id='word_1_208' title='bbox 1185 4555 1262 4612; x_wconf 84' lang='grc'><strong>1836.</strong></span> <span class='ocrx_word' id='word_1_209' title='bbox 1275 4574 1304 4629; x_wconf 88' lang='lat' dir='ltr'><strong>p.</strong></span> <span class='ocrx_word' id='word_1_210' title='bbox 1317 4558 1343 4611; x_wconf 80' lang='lat'><strong>2.</strong></span> 
     </span>
    </p>
   </div>
   <div class='ocr_carea' id='block_1_7' title="bbox 0 0 1730 5334">
    <p class='ocr_par' dir='ltr' id='par_1_7' title="bbox 0 0 1730 5334">
     <span class='ocr_line' id='line_1_27' title="bbox 0 0 1730 5334; baseline 0 3"><span class='ocrx_word' id='word_1_211' title='bbox 0 0 1730 5334; x_wconf 95' lang='lat' dir='ltr'><strong> </strong></span> 
     </span>
    </p>
   </div>
  </div>
 </body>
</html>
