3450 5334
261 489 301 550 17
353 487 642 550 ΟΟΜΜΕΝΤΔΒΠ
660 489 704 549 ΙΝ
722 489 894 552 ΗΟΒΑΤΙΙ
919 491 996 553 LlB.
1009 492 1034 557 1.
1058 491 1184 558 uelat.
1200 493 1321 556 TERT.
1354 491 1418 556 207

260 671 392 752 berseldo
406 675 516 736 Titium
532 677 608 736 hune
630 677 718 736 Murci
744 675 815 738 Titii
839 677 962 738 oonanlia
979 679 1042 742 728
1066 678 1154 739 filium
1177 685 1208 738 et
1228 686 1416 760 pronepotem

258 774 381 836 Munatii
406 777 503 840 Planci
528 779 623 840 suinae.
669 777 810 840 Plutarch.
829 779 890 840 vit.
914 777 1024 840 Anton-
1049 781 1101 844 58.
1136 780 1235 860 Vellej.
1255 781 1366 844 Patere.
1384 785 1416 860 2,

259 877 311 939 79.
333 880 386 943 83.
413 879 469 940 Dio
489 882 571 943 Caua.
595 881 655 959 49,
677 883 726 945 18.
758 881 837 943 Titio
848 885 908 960 jam
927 879 1018 941 Poeta
1036 881 1145 941 celebre
1159 901 1194 942 ex
1206 885 1310 942 etudiia
1323 884 1416 962 poeti·

259 979 299 1036 eia
324 988 480 1059 auguratur
502 1001 622 1060 nomen,
651 983 761 1061 inqua
786 985 900 1060 quidem
922 1001 953 1042 re
976 985 1135 1064 complures
1151 985 1322 1064 interpretes
1344 987 1415 1046 ado-

259 1079 410 1142 lescentem
430 1083 509 1144 illum
527 1085 622 1166 poesia
645 1092 786 1146 amantem
808 1085 908 1144 rident
931 1084 1031 1145 leviter
1058 1087 1188 1146 densum.
1236 1088 1279 1148 Ut
1306 1090 1415 1164 demun,

259 1181 407 1244 formulam
428 1186 461 1242 in
482 1205 536 1245 ore
558 1188 659 1244 venae
679 1188 821 1246 interdum
837 1186 868 1245 in
887 1187 991 1246 malurn
1006 1193 1117 1265 partem
1132 1189 1238 1268 accipi,
1257 1196 1289 1250 at
1302 1191 1415 1268 qnotiea

259 1283 289 1341 in
309 1284 426 1346 bonam!
461 1286 508 1347 lta
523 1287 602 1366 Vng.
628 1288 700 1348 Aen.
719 1290 775 1366 12,
798 1287 871 1352 235.
896 1289 1041 1368 vivaeque
1057 1310 1115 1367 per
1134 1311 1189 1349 ora
1201 1291 1330 1368 serenat.
1365 1291 1411 1350 ld.

259 1384 313 1444 Ge.
337 1388 374 1464 8,
397 1388 426 1449 9.
448 1392 601 1471 victorque
621 1393 721 1450 viram
742 1390 870 1450 volitare
878 1410 1013 1468 perora.
1051 1389 1137 1471 Prop.
1154 1393 1175 1454 3
1181 1435 1191 1468 ,
1205 1394 1223 1453 1
1229 1434 1241 1471 ,
1257 1389 1307 1457 24.
1337 1395 1415 1452 Μα-

254 1489 307 1556 jue
326 1487 368 1547 ab
389 1493 535 1570 exsequiae
555 1512 664 1551 nomen
683 1495 717 1550 in
739 1513 793 1550 ora
808 1494 900 1550 vente.
938 1491 984 1554 ld.
999 1491 1037 1570 3,
1049 1495 1089 1572 7,
1105 1495 1155 1559 32.
1176 1496 1276 1554 venio
1290 1505 1325 1552 tu
1338 1516 1415 1574 qno-

258 1610 317 1669 que
336 1593 369 1649 ἱιι
389 1613 443 1651 ora
464 1597 574 1654 verum.
609 1593 718 1656 Pallad.
738 1597 768 1654 in
793 1593 889 1654 Gaul.
913 1593 989 1654 Scul.
1011 1613 1040 1672 p·
1060 1595 1132 1659 158.
1159 1598 1257 1656 una
1270 1597 1305 1653 in
1318 1607 1415 1654 aeter-

258 1713 332 1750 num
353 1694 442 1753 docta
458 1716 517 1774 per
538 1719 591 1756 ora
612 1697 706 1756 volat.
744 1694 817 1756 Plin.
834 1695 930 1774 Epiat
945 1696 982 1772 8,
1001 1696 1041 1772 5,
1058 1696 1089 1758 3.
1131 1699 1240 1778 Itaque
1254 1697 1360 1757 diebus
1375 1719 1414 1755 ue

258 1794 394 1854 noctibus
416 1801 533 1877 cogito,
553 1801 582 1857 ai
599 1819 662 1877 qua
684 1819 731 1856 me
752 1816 870 1878 quoque
878 1797 993 1874 poesim
1014 1796 1128 1855 Tollere
1140 1798 1250 1857 humo.-
1273 1798 1324 1880 (id
1335 1802 1415 1857 enim

257 1917 321 1955 meo
340 1908 408 1956 voto
429 1900 564 1979 eufficit:
586 1899 670 1958 illud
686 1920 781 1977 supra
802 1901 920 1975 votum)
941 1901 1093 1978 victorque
1106 1902 1206 1958 νὺιιιιι
1220 1901 1347 1960 volitare
1355 1921 1414 1980 per

256 2021 320 2059 ora.
366 1999 472 2062 imitati
491 2007 560 2062 aunt
576 2008 680 2082 poetae
701 2001 825 2060 Ennium
847 1999 974 2077 (naret
1000 2001 1107 2078 p.161
1131 2019 1167 2060 ex
1186 2001 1247 2061 Cic.
1272 2003 1357 2064 Tuae.
1383 2006 1414 2081 1,

258 2102 316 2180 15,
333 2099 397 2172 34).
440 2103 577 2182 Exempla
597 2104 786 2185 suppeditent
801 2099 905 2160 Lamb.
924 2103 962 2161 ad
982 2101 1012 2160 b.
1028 2100 1064 2182 1.,
1083 2102 1210 2168 liroukb.
1228 2104 1266 2163 ad
1278 2103 1368 2185 Prop.
1381 2108 1413 2183 2,

258 2202 293 2280 1,
315 2205 343 2267 2.
371 2203 463 2266 Dralr.
489 2206 526 2266 ad
547 2205 600 2264 Sil·
625 2204 756 2283 3,135.
784 2204 884 2263 Burro.
905 2204 942 2263 ad
960 2201 1050 2265 Antb.
1071 2202 1140 2265 Lat.
1160 2203 1184 2266 l.
1204 2226 1232 2285 p.
1246 2205 1320 2268 866.
1348 2203 1414 2266 Alia

255 2305 337 2364 addit
361 2305 414 2365 Fr.
441 2304 560 2370 Jacobs.
590 2306 627 2364 V.
651 2325 682 2384 p.
699 2303 774 2368 349.
805 2304 845 2365 Ν.
862 2307 915 2362 ⁴¹*-
957 2305 1030 2366 Inde
1053 2304 1174 2366 formula
1195 2305 1292 2364 ule'cm'
1309 2308 1344 2365 in
1363 2327 1413 2365 ore

255 2427 334 2478 eoae,
357 2409 395 2467 de
415 2427 473 2484 qua
489 2407 760 2470 dixernntRnhnk.
782 2409 821 2468 ad
842 2408 928 2470 ovid
945 2407 1065 2468 Heroid.
1085 2410 1120 2485 2,
1135 2408 1189 2472 32.
1210 2417 1242 2467 et
1256 2409 1358 2472 Klotz.
1373 2411 1413 2469 ad

255 2508 317 2570 cic.
335 2506 415 2571 Lnel.
430 2531 460 2592 p.
471 2513 523 2575 88.
554 2512 738 2590 Quapropter
757 2511 895 2570 dlaaentio
909 2529 928 2569 a
944 2509 1136 2581 Weielrerto,
1154 2529 1242 2588 quum
1255 2509 1299 2591 (p.
1312 2511 1413 2593 876),

254 2613 297 2671 uti
311 2613 418 2692 omnia,
442 2632 499 2690 qua
513 2612 608 2673 Titine
629 2617 787 2692 mactetur,
811 2612 876 2674 lana
893 2630 1046 2693 peraperaa
1064 2614 1103 2671 ait
1125 2611 1247 2689 salibra,
1268 2613 1310 2672 ita
1326 2612 1414 2672 rerba

254 2712 336 2773 buina
359 2733 456 2774 reram
481 2736 544 2776 eum
566 2715 622 2776 leni
640 2717 762 2791 quadan
788 2721 817 2774 et
837 2713 952 2773 amabili
974 2715 1081 2793 reripta
1097 2733 1160 2774 eaae
1182 2715 1311 2774 irrisione
1333 2714 1412 2777 dicit.

253 2812 294 2873 At
312 2835 382 2894 paee
400 2819 453 2877 riri
480 2819 596 2897 optimi,
624 2819 669 2877 oui
687 2815 793 2876 invitm
818 2815 964 2892 reti-agor,
989 2816 1132 2891 quomodo
1156 2815 1221 2874 talia
1240 2815 1331 2874 irriaio
1347 2835 1412 2874 eum

254 2917 360 2977 verbis:
396 2929 432 2976 ut
458 2918 563 2976 valet?
595 2929 630 2976 ut
657 2919 792 2976 meminit
822 2915 942 2974 nostri?
977 2916 1124 2993 „quae‚“
1154 2917 1282 2992 Crnquio
1307 2917 1411 2996 judice,

254 3018 364 3099 „plena
381 3025 449 3078 aunt
469 3019 570 3078 amoris
594 3019 750 3078 benevoli“
765 3023 843 3076 stare
854 3014 974 3097 potenti
1015 3017 1075 3075 Sed
1091 3023 1121 3076 et
1134 3017 1192 3077 alia
1204 3022 1290 3093 aunt,
1308 3017 1411 3093 quibua

253 3119 304 3179 Vir
323 3119 501 3182 Clarissimus
521 3139 602 3180 suam
616 3121 671 3181 eibi
702 3121 738 3180 de
755 3120 809 3179 hoo
832 3118 896 3178 loeo
915 3117 1076 3196 opinionem
1093 3117 1174 3178 linxit
1187 3123 1276 3194 atque
1294 3136 1412 3197 perana-

253 3224 307 3296 ait3
330 3224 367 3282 de
381 3225 415 3282 iia
432 3241 497 3284 mox
514 3223 631 3283 dieetnr.
678 3221 794 3282 Interim
813 3221 894 3298 vide,
919 3237 993 3295 quae
1008 3217 1149 3279 subtiliter
1162 3225 1194 3279 et
1214 3239 1277 3278 mea
1296 3221 1411 3296 quidem

253 3326 395 3386 sententia
411 3344 476 3386 vere
497 3327 533 3384 de
546 3325 625 3385 Titio
642 3325 770 3403 disputat
789 3323 839 3381 Ji.
854 3320 975 3380 Jacobs.
1000 3320 1020 3379 l.
1041 3320 1063 3378 l.
1089 3340 1120 3401 p.
1142 3316 1215 3383 349.
1254 3321 1410 3381 Wala-

253 3439 319 3488 tum
338 3434 451 3506 praeter
468 3427 658 3486 Schmidium
671 3427 800 3503 sequitur
824 3425 857 3486 0.
874 3425 1000 3483 Ραιιον.
1025 3423 1055 3482 in
1081 3420 1208 3500 „Leben
1225 3441 1255 3481 u.
1274 3421 1412 3482 Zeitalter

253 3533 304 3591 dea
323 3529 422 3590 Hor.“
442 3527 481 3588 N.
501 3530 575 3592 190.

337 3631 371 3692 V.
395 3631 519 3695 10.11.
555 3629 766 3690 Pisrdorioi—
780 3628 924 3707 apertos?
966 3628 1038 3687 Hor.
1060 3629 1091 3688 in
1108 3626 1154 3685 bia
1170 3645 1217 3688 vv.
1234 3625 1305 3685 Titii
1317 3626 1412 3685 audax

252 3731 407 3794 Pindarum
425 3733 555 3794 imitandi
575 3733 701 3792 rtndinnr
724 3731 896 3809 admiratur,
923 3748 982 3789 non
1002 3727 1117 3805 laudat,
1145 3744 1238 3802 neque
1257 3725 1412 3805 vituperat,

253 3837 283 3896 id
305 3836 384 3916 quod
403 3853 456 3914 per
473 3835 586 3913 singula
606 3837 701 3894 eundo
726 3832 808 3892 fauile
825 3832 982 3913 apparebit.
1023 3827 1115 3888 Aliter
1130 3829 1205 3888 enim
1221 3825 1413 3885 Wielrartue

253 3939 473 3999 Sdroliaatarum
502 3937 765 4018 interpretationem
792 3952 856 3993 enm
883 3934 979 3994 multia
1003 3931 1065 3990 aliis
1089 3936 1203 3990 secutur
1223 3928 1300 3987 bunc
1317 3929 1410 3988 locun

253 4061 283 4120 p.
298 4040 485 4103 383-386
503 4041 706 4119 interpretatur
729 4037 773 4096 laia
799 4037 874 4096 inter
894 4035 948 4095 alia
966 4052 1035 4092 nana
1055 4032 1165 4091 verbio:
1193 4028 1357 4108 „Deridet,
1378 4037 1413 4089 nt

252 4141 349 4218 pauoie
370 4141 476 4217 dicam,
499 4159 604 4200 vanum
624 4143 654 4196 et
677 4137 846 4198 audaculum
869 4136 989 4196 amioum
1004 4134 1041 4194 ob
1054 4133 1171 4192 Pindari
1184 4131 1369 4191 imitationem
1380 4137 1412 4191 et

252 4241 467 4301 aemulationem
486 4249 517 4301 et
534 4245 654 4320 propter
675 4241 735 4319 ejur
755 4237 909 4320 anperbnm
927 4235 1091 4312 fastidium,
1111 4253 1169 4311 qno
1189 4235 1261 4294 alios
1278 4253 1412 4312 aaperne·

252 4349 300 4402 tur
320 4343 453 4423 poetaa.“
505 4343 675 4420 Quanquam
695 4344 751 4424 ipai
770 4340 893 4403 Horatio
917 4339 949 4398 in
968 4338 1026 4398 0d.
1043 4332 1081 4413 4,
1102 4337 1132 4399 2.
1151 4333 1345 4394 difficillimum
1365 4341 1412 4396 at

251 4448 342 4506 vinum
361 4445 485 4528 [Pindari
518 4445 650 4505 imitandi
680 4445 823 4522 eludium,
850 4441 1013 4500 illetamen
1038 4438 1134 4515 loona,
1159 4439 1239 4516 eujus
1260 4435 1409 4515 explioatio

252 4547 365 4610 aliunde
383 4548 509 4629 petenda
529 4553 574 4608 eat
597 4547 637 4626 (r.
659 4547 708 4611 Fr.
731 4544 845 4610 Jacobs.
868 4543 888 4607 l.
909 4544 928 4603 l.
951 4562 981 4623 p.
993 4537 1087 4619 352),
1112 4537 1218 4600 nullam
1237 4557 1332 4600 eaenm
1354 4541 1411 4602 fert

285 4644 398 4702 Bonan.
418 4645 442 4703 1.
1105 4635 1145 4701 15
1156 4638 1204 4719 (2)
