3450 5334
306 398 370 466 162
393 401 676 464 commutent]
691 404 733 461 IN
755 403 923 463 HORATII
944 401 1075 465 EPIST.
1089 403 1254 464 SECUND.
1275 403 1351 468 LlB.
1362 406 1387 464 1.
1430 405 1473 470 56

312 575 349 634 Si
364 585 450 654 petes
464 607 502 617 —
516 575 658 654 afficient.
683 575 714 648 2,
736 571 766 648 4,
794 574 846 634 27.
879 573 908 629 ai
928 570 1093 631 morabitur
1110 607 1149 616 -
1157 573 1284 652 pollent.
1314 579 1346 651 2,
1368 573 1399 652 4,
1419 579 1472 643 51.

308 683 336 738 ei
358 699 506 758 eupponee
525 711 563 722 -
581 673 762 734 tenuabitur.
809 673 899 731 Illam
920 677 1100 756 scripturam
1117 686 1236 756 praeter
1257 678 1333 736 alios
1351 689 1473 740 serrant

308 779 394 845 oodd.
416 783 508 841 Dore.
530 782 557 854 1,
576 783 608 844 2.
650 781 710 836 Fea
728 777 808 835 male
829 777 964 855 scripsit:
986 801 1149 858 supponat.
1168 777 1226 840 0d.
1241 778 1273 856 3,
1298 782 1328 856 9,
1355 783 1472 846 11.15.

307 905 367 942 non
388 894 521 942 metuam
538 915 581 926 -
601 883 629 938 ei
647 889 783 958 parcent.
831 879 942 940 Patiar
960 915 1003 926 --
1021 885 1050 940 ei
1062 893 1204 962 parcent.
1232 884 1271 941 A.
1291 883 1330 943 Ρ.
1354 881 1424 950 104.
1445 887 1474 942 ei

271 967 273 970 ’
307 985 456 1044 manum
479 985 609 1064 oqueris
632 1017 669 1026 -
691 979 868 1042 urrann.
897 983 970 1045 112.
990 985 1019 1041 a·
1047 996 1135 1043 manc
1153 1017 1197 1028 -
1215 985 1330 1045 otuu.
1363 986 1473 1045 coum

307 1089 371 1150 Sat.
389 1091 418 1164 1,
440 1084 469 1162 4,
497 1083 567 1150 140.
589 1087 641 1144 oui
663 1088 692 1143 ei
714 1085 871 1144 concedere
888 1087 968 1146 nolte
982 1123 1021 1132 -
1038 1090 1137 1147 venr'et
1155 1109 1276 1147 manue.
1300 1092 1336 1152 A.
1361 1091 1397 1148 P.
1420 1086 1470 1152 54.

307 1189 461 1250 habebunt
471 1189 571 1263 fidem
582 1221 624 1232 -
638 1189 667 1245 ei
690 1187 806 1246 Graeco
817 1187 909 1266 fonte
928 1190 1050 1248 cadant.
1075 1187 1130 1249 0d.
1146 1190 1177 1266 3,
1196 1189 1228 1263 3,
1244 1191 1274 1251 7.
1299 1191 1337 1248 St
1346 1190 1472 1269 fruetur

307 1291 456 1352 illabatur
477 1289 555 1350 orbis
568 1323 609 1334 -
614 1290 738 1369 ferient.
782 1293 864 1348 Haeo
883 1301 914 1350 et
935 1293 1009 1351 talia
1024 1291 1158 1351 indioavi
1174 1293 1206 1348 in
1221 1287 1327 1350 Jahnii
1341 1289 1470 1354 Jahrbb.

309 1395 331 1454 f.
353 1394 466 1455 Philol.
491 1413 520 1451 u.
539 1389 670 1469 Paedag.
692 1394 774 1452 xtll.
796 1390 824 1456 4.
842 1416 872 1475 p.
892 1395 964 1457 421.
983 1405 1014 1452 et
1035 1395 1068 1452 in
1084 1391 1206 1452 Archiv.
1228 1392 1320 1456 1832.
1342 1396 1365 1452 1.
1382 1391 1414 1456 4.
1438 1415 1472 1474 p.

308 1495 383 1562 465.
417 1496 464 1558 01.
479 1493 589 1554 Heind.
605 1491 643 1579 ad
659 1493 722 1552 Sat.
737 1496 766 1569 1,
782 1492 812 1570 4,
828 1493 901 1560 140.
922 1498 1007 1556 Vota.
1019 1493 1059 1553 ad
1072 1497 1154 1575 virg.
1174 1493 1219 1558 ld.
1232 1494 1262 1568 6,
1282 1495 1334 1558 10.
1355 1498 1470 1576 Wagn,

311 1599 351 1658 ad
369 1603 444 1660 Aen.
469 1601 498 1674 1,
522 1595 587 1661 374
618 1595 685 1672 (ubi
709 1607 863 1674 componet
880 1595 1045 1675 legendum
1069 1596 1191 1678 censeo)
1218 1599 1311 1656 Kritz.
1334 1597 1372 1656 ad
1393 1600 1469 1659 Sall.

311 1706 381 1782 Jug,
405 1700 458 1776 42,
482 1699 513 1762 5.
533 1700 630 1758 Klotz.
655 1695 693 1754 ad
712 1696 773 1757 cic.
793 1699 887 1758 Tmo.
910 1701 941 1774 6,
967 1699 1021 1775 36,
1042 1701 1112 1764 102
1155 1703 1219 1758 Hoc
1238 1703 1419 1762 autemlooo
1434 1702 1474 1761 ad

309 1808 373 1866 vim
389 1803 555 1863 sententiae
577 1809 700 1881 propter
714 1802 924 1880 expergiscerie
943 1823 973 1860 v.
989 1803 1041 1866 33.
1056 1813 1087 1860 et
1106 1803 1217 1860 Futura
1236 1822 1315 1883 quae
1336 1825 1474 1885 sequun-

309 1919 375 1968 tur:
397 1909 432 1965 ni
441 1925 547 1985 poeoee
563 1937 602 1948 -
620 1903 766 1976 intendet,
786 1902 864 1962 nihil
880 1904 1135 1964 accommodatius
1153 1915 1198 1964 est
1215 1907 1361 1986 scriptura
1377 1908 1469 1966 nolet.

310 2011 418 2070 Nesoio
438 2019 550 2081 tamen,
572 2008 626 2087 qui
642 2007 819 2086 interpretes
841 2018 872 2066 et
885 2027 946 2088 qna
960 2011 1075 2067 ratione
1089 2010 1123 2066 in
1144 2005 1193 2067 hie
1209 2011 1330 2070 tuturis
1346 2012 1473 2070 invene-

310 2113 371 2170 rint
385 2121 550 2189 praecepta
573 2107 738 2190 quaedam,
762 2129 839 2190 quae
865 2129 956 2168 senen
985 2113 1133 2171 strictiore
1155 2112 1188 2168 in
1211 2112 1250 2171 iio
1273 2115 1372 2173 inesse
1395 2123 1475 2173 reote

310 2225 402 2294 negat
416 2214 444 2294 *)
471 2215 632 2292 Stangiua,
658 2231 832 2292 quanquam
851 2216 899 2272 vir
913 2215 965 2271 ille
981 2215 1041 2272 alia
1056 2215 1153 2271 multa
1169 2212 1344 2294 disputarit,
1367 2219 1476 2298 quibua

311 2316 455 2398 equidem
467 2337 529 2376 non
544 2317 700 2374 assentior.
735 2316 782 2372 De
795 2316 942 2374 vocabulo
956 2317 1044 2393 atqui
1057 2312 1137 2373 nihil
1150 2326 1206 2391 eet,
1227 2316 1310 2399 quod
1323 2319 1475 2400 disputem

311 2421 411 2479 Voseii
430 2416 505 2499 (vid.
527 2428 629 2478 annot.
654 2417 734 2494 orit.)
756 2419 962 2496 interpretatio
984 2419 1011 2475 ei
1035 2419 1084 2475 oui
1103 2419 1303 2498 improbanda
1327 2421 1476 2500 videatur,

313 2523 341 2580 ei
356 2523 427 2580 licet
442 2531 573 2579 vertere:
596 2518 680 2595 „und
698 2517 798 2579 dooh“
820 2521 872 2578 vel
889 2520 982 2594 „aber
1002 2517 1116 2578 doch.“

398 2624 435 2684 V.
452 2622 505 2685 35.
527 2623 636 2680 Poeoer
648 2625 725 2680 -ei
736 2645 807 2682 non.
852 2625 948 2682 Potta
961 2642 1011 2681 vv.
1025 2641 1071 2702 eq.
1083 2621 1190 2680 transit
1202 2643 1256 2682 ouo
1274 2644 1357 2683 more
1371 2645 1389 2683 a
1407 2647 1476 2688 oor-

312 2727 394 2806 poris
414 2726 527 2784 morbia
548 2724 587 2783 ad
610 2736 764 2806 aegrotam
787 2726 882 2783 animi
905 2722 1119 2800 conditionem,
1140 2729 1187 2784 uti
1208 2746 1239 2785 v.
1259 2723 1311 2790 48.
1329 2729 1426 2806 Epist.
1444 2731 1473 2803 1,

316 2830 344 2907 1,
359 2827 520 2902 28-40,
542 2831 572 2902 6,
586 2829 627 2891 28
642 2849 697 2909 aq„
721 2829 770 2904 16,
786 2831 829 2894 20
842 2847 888 2907 sq.
932 2829 1118 2907 Quapropter
1130 2849 1191 2888 non
1207 2849 1284 2909 opus
1302 2842 1356 2905 eet,
1370 2851 1475 2890 venus

314 2953 360 3014 eq.
383 2931 662 3010 interpretationem
688 2934 879 3012 superiorum
897 2931 1020 3005 assumi,
1043 2933 1131 3010 quasi
1152 2930 1267 2990 invidia
1287 2943 1317 2991 et
1341 2953 1477 2992 amor—

314 3039 484 3095 animorum
499 3037 650 3094 morbi-
664 3034 815 3116 hydropes
834 3035 906 3110 sint,
928 3043 959 3091 et
971 3032 1105 3092 remedia
1125 3045 1268 3114 expetere
1281 3047 1312 3094 et
1324 3036 1479 3095 medicum

315 3141 472 3197 consulere
492 3133 536 3217 (i)
553 3136 634 3195 idem
654 3139 693 3194 sit
708 3155 742 3194 ao
759 3155 883 3216 poscere
895 3137 1007 3194 librum
1023 3145 1053 3193 et
1066 3138 1110 3194 ire
1132 3135 1171 3195 ad
1186 3135 1423 3218 philosophum
1444 3139 1479 3196 in

316 3259 376 3320 qua
393 3237 610 3320 interpretandi
632 3243 746 3300 ratione
771 3240 956 3298 Lambinum
972 3241 1062 3297 multi
1081 3242 1212 3319 interpp.
1230 3250 1303 3299 eunt
1320 3242 1425 3300 aeouti.
1437 3275 1474 3286 -

383 3525 412 3596 *)
431 3525 547 3594 „Omnia
570 3523 612 3593 (p.
633 3523 691 3592 10.)
712 3541 781 3594 qnae
803 3523 878 3577 addit
899 3530 1069 3594 argumenta,
1094 3525 1407 3594 curret—torquebere,
1428 3537 1475 3574 ex-

316 3612 447 3686 perientia
470 3612 607 3677 nituntur,
632 3627 701 3680 quae
724 3613 752 3664 in
775 3627 858 3682 puero
884 3611 957 3664 nulle
978 3616 1028 3661 eet.
1062 3609 1180 3683 Tempus
1203 3613 1318 3666 futurum
1336 3611 1364 3662 in
1386 3607 1478 3660 verbis

316 3717 418 3766 curret,
436 3698 593 3766 torquebere
609 3697 697 3749 fraudi
716 3696 833 3768 plurimis
850 3697 934 3750 tunae
948 3695 1063 3763 videtur,
1080 3705 1111 3749 ut
1122 3697 1242 3768 neglecto
1253 3695 1379 3752 vooabulo
1390 3694 1478 3762 utqui,

316 3803 348 3840 ea
366 3803 434 3856 qnae
451 3791 606 3854 argumenta
621 3791 693 3850 eunt,
710 3801 743 3836 ex
760 3783 840 3837 rebus
857 3782 929 3836 vitae
941 3799 990 3836 nen
1004 3783 1060 3850 jam
1075 3784 1145 3836 notio
1157 3784 1250 3854 petita,
1269 3801 1318 3855 pro
1329 3779 1480 3852 praeceptis

317 3873 454 3926 habereut.
489 3871 566 3924 Amat
583 3869 651 3924 enim
670 3869 737 3922 hanc
753 3869 989 3940 argumentationis
1005 3869 1115 3922 formam
1128 3869 1264 3939 Horatius,
1282 3878 1311 3923 nt
1326 3885 1380 3938 quo
1391 3867 1481 3938 aptius

316 3958 434 4012 rationes
450 3973 512 4010 tuae
530 3963 654 4027 exponat,
670 3973 819 4027 perronam,
845 3972 956 4025 quacum
973 3954 1146 4024 colloquatur,
1168 3955 1254 4008 animo
1271 3957 1364 4024 tingat.
1399 3955 1480 4008 cen-

317 4062 374 4098 tum
391 4042 544 4098 vocabulum
562 4043 641 4110 atqui
658 4042 728 4113 apud
751 4043 891 4097 Horatium
906 4060 1012 4114 semper
1036 4041 1255 4112 arguuentationi
1272 4042 1408 4112 proprium
1431 4047 1482 4108 eet

317 4131 526 4200 sententiamque
551 4127 594 4180 vel
612 4127 691 4182 aliter
710 4130 765 4198 jam
788 4139 877 4183 notam
898 4131 942 4183 vel
965 4130 1045 4200 paulo
1062 4137 1124 4182 ante
1146 4128 1243 4180 dictam
1266 4129 1357 4194 addit3
1381 4137 1411 4182 nt
1428 4127 1481 4180 0d.

317 4219 343 4284 3,
368 4218 394 4272 5.
410 4217 455 4270 49.
473 4217 551 4285 atqui
571 4216 679 4284 arietat,
710 4231 781 4283 quae
805 4217 854 4268 eitt
871 4219 1005 4271 tartarus
1021 4224 1109 4271 tortor
1122 4222 1247 4285 peroret,
1272 4214 1313 4267 eie
1328 4215 1358 4268 in
1372 4213 1483 4283 reliquis

318 4303 385 4356 loeis
407 4303 454 4371 qui
471 4311 546 4355 eunt:
574 4302 629 4356 0d.
648 4308 673 4370 1,
690 4301 733 4368 2³,
749 4303 776 4355 9.
800 4301 826 4367 3,
841 4303 867 4372 7,
890 4304 917 4357 9.
939 4302 1030 4373 iipod.
1048 4303 1075 4370 5,
1095 4303 1138 4355 67.
1161 4302 1219 4354 Sat
1240 4305 1265 4368 1,
1285 4303 1310 4368 l,
1330 4301 1372 4357 19.
1393 4299 1419 4368 6,
1436 4298 1482 4353 65.

318 4389 345 4454 9,
364 4389 406 4441 51.
428 4393 455 4455 2,
475 4392 498 4456 1,
518 4389 562 4441 68.
585 4388 611 4457 3,
636 4389 663 4444 9.
686 4389 730 4442 27.
748 4387 774 4457 5,
793 4389 818 4443 7.
838 4387 892 4458 Ep.
911 4387 937 4456 1,
963 4389 1005 4455 17,
1029 4386 1153 4453 6616,
1174 4404 1233 4442 oum
1258 4387 1350 4441 tuturo
1373 4387 1483 4455 oonjan-

319 4471 437 4540 gitatin
456 4471 594 4526 senitentiie
612 4472 831 4530 conditionalibus
849 4473 904 4545 Ep.
924 4474 950 4544 1,
969 4473 995 4542 7,
1012 4472 1059 4525 2.“
