3450 5334
317 493 599 552 commortua
617 495 659 552 ΙΝ
675 493 843 553 nomm
863 494 995 553 EPIST.
1018 495 1125 552 amnt.
1147 495 1222 554 nus.
1243 497 1267 553 1.
1331 491 1373 556 sl

213 665 357 741 leguntur
377 681 425 742 ap.
447 662 625 722 ciceronem
656 658 769 739 (Tusa.
786 661 822 739 4,
846 663 937 744 13.):
975 663 1130 722 maassiae
1145 676 1189 722 est
1204 665 1325 746 affectio
1341 667 1374 724 ia

214 776 278 824 tota
292 764 356 824 vite
377 767 551 822 incomtans
570 775 600 822 et
614 785 637 823 a
657 787 688 822 ss
709 768 777 844 apsa
792 767 978 825 dissentiens.
1025 766 1078 826 sic
1097 767 1204 824 vitiosa
1222 789 1297 826 cura
1318 765 1373 828 0d.

212 870 243 942 2,
265 869 316 942 16,
337 870 388 931 21.
407 868 447 927 ib.
473 863 594 928 Mitseh.
612 867 755 926 Ceterum
767 879 874 949 sponte
888 880 1031 948 apparet,
1062 869 1216 947 subjecto,
1238 869 1372 940 libidini,

213 989 306 1050 quam
317 972 453 1030 Donatus
475 968 515 1029 ad
531 971 604 1029 Ter.
617 972 689 1031 lleo.
703 974 741 1047 2,
758 975 795 1047 2,
823 973 854 1034 3.
876 983 956 1030 reate
979 974 1193 1052 interpretatur
1210 972 1374 1050 quamlibet

213 1073 397 1131 voluntatem
411 1084 517 1130 temere
528 1084 709 1151 sweeptam,
735 1077 879 1134 orationis
892 1077 955 1131 vim
972 1073 1166 1132 tribuendam
1178 1076 1287 1149 fuisse,
1310 1095 1373 1134 non

213 1173 401 1255 praedicato:
415 1175 525 1255 faeere
537 1177 718 1253 auspicium.
744 1178 791 1234 De
809 1176 921 1234 talibus
941 1173 1082 1256 epithetis
1098 1197 1194 1256 nuper
1209 1174 1296 1236 docte
1309 1176 1373 1236 dis-

212 1281 329 1358 putarit
344 1277 462 1338 Dissen.
481 1275 521 1336 ad
534 1278 606 1338 Tib.
622 1298 651 1357 p.
666 1279 773 1338 CLXX
787 1296 856 1360 sqq.
871 1289 902 1336 et
916 1276 955 1336 ad
973 1281 1009 1355 1,
1035 1283 1069 1352 1,
1091 1281 1142 1342 62.
1184 1281 1267 1338 Bene
1283 1283 1373 1338 vertit

212 1382 253 1439 P.
272 1381 392 1452 Dara„
418 1381 658 1458 elegantissimus
680 1383 846 1462 interpres:
877 1383 987 1456 „Poar
1007 1401 1049 1439 un
1068 1385 1132 1439 avis
1153 1381 1207 1441 des
1226 1384 1372 1440 Dieuxil

213 1481 308 1563 prend
324 1503 366 1541 un
381 1485 451 1540 vain
470 1483 627 1561 caprice,“
648 1492 679 1539 et
692 1483 812 1542 Gtiller:
840 1478 902 1562 ὅπη
917 1481 950 1545 δὲ
965 1476 1059 1556 κακός
1079 1507 1130 1545 νιν
1146 1481 1219 1545 ἄλλο
1231 1508 1258 1545 τι
1273 1481 1374 1561 θυμὸς

213 1583 341 1668 ἄνωγεν.
368 1619 411 1629 -
435 1585 552 1645 Eodem
570 1585 633 1644 fere
653 1605 742 1644 sensu
762 1589 852 1644 Nisus
870 1605 918 1665 ap.
933 1588 1013 1664 Virg.
1030 1588 1109 1646 Aen.
1128 1587 1166 1660 9,
1188 1586 1265 1649 185:
1289 1587 1373 1644 Dine

212 1687 294 1744 hune
312 1685 450 1746 ardorem
470 1686 619 1746 mentibus
633 1687 753 1744 addunt
760 1729 773 1758 ,
796 1687 932 1766 Euryale
940 1730 952 1758 ,
972 1709 1016 1744 an
1031 1709 1088 1745 oua
1110 1690 1218 1766 cuique
1232 1689 1319 1746 Deua
1327 1689 1373 1763 fit
1439 1697 1446 1706 '

212 1789 281 1848 dira
305 1789 440 1867 cupida?
474 1809 566 1870 quem
590 1790 693 1848 locum
715 1793 901 1868 expressisse
923 1789 1296 1866 11811110111111118,
1320 1795 1372 1854 72.

211 1893 280 1950 alio
301 1888 426 1972 quidem
450 1911 541 1951 sensu
564 1894 655 1950 etiam
679 1893 831 1950 Ausonius
853 1895 956 1971 Epigr.
975 1896 1036 1965 71,
1057 1895 1088 1954 2.
1109 1891 1197 1950 dicit:
1226 1892 1374 1970 Repperit

211 1993 369 2052 obscoenas
393 1993 519 2052 Veneres
534 1997 643 2054 amasa
666 1991 769 2052 libido.
814 1996 926 2053 Totins
945 2004 1049 2051 autem
1069 1995 1129 2053 loci
1150 2005 1288 2073 argutam
1307 1999 1371 2054 viia

211 2098 353 2177 pervertit
365 2093 550 2167 Maelinae,
576 2116 670 2178 quem
685 2097 827 2156 refutarit
843 2095 1028 2155 Sclum‘dius.
1053 2098 1200 2175 Apposite
1218 2109 1372 2177 comparat

214 2201 396 2277 Campenon.
427 2199 533 2260 Seuer.
547 2200 662 2281 Tranq.
677 2200 780 2261 1111.
809 2197 886 2256 Inde
897 2197 1154 2277 peregrinatam
1167 2201 1374 2277 saaeipimtur

210 2323 328 2381 vagae,
349 2301 439 2359 litora
451 2311 671 2378 pererrantur,
694 2311 723 2358 et
743 2299 830 2358 moda
847 2301 990 2370 mariae,
1011 2301 1099 2360 moda
1120 2313 1200 2358 terra
1221 2305 1372 2380 experitur

210 2425 324 2482 semper
333 2403 544 2481 praesentibus
566 2405 677 2485 infesta
701 2402 818 2460 avum.
851 2402 948 2460 Nune
964 2403 1166 2482 Campaniam
1181 2415 1236 2463 eta.
1269 2409 1370 2486 Atque

210 2506 292 2566 haud
313 2509 376 2566 scio
397 2526 435 2564 an
459 2507 735 2566 possessionum
759 2508 934 2580 notionem,
967 2524 1045 2585 quae
1064 2506 1143 2585 fugit
1167 2507 1370 2581 Glareanum,

210 2610 388 2690 particulam
401 2629 469 2667 eras
482 2608 586 2684 „bravi
597 2611 751 2690 tempora“
769 2611 1027 2686 interpretantem,
1044 2611 1225 2670 imminuere
1239 2614 1371 2672 noluerit

211 2711 350 2773 addendo
372 2731 402 2771 v.
423 2713 522 2790 inquit
539 2732 568 2776 r.
591 2714 663 2787 86.,
689 2708 773 2794 quod
794 2713 826 2769 in
851 2711 965 2769 talibus
987 2714 1127 2769 omittere
1143 2717 1243 2773 solent
1262 2717 1371 2793 optimi

210 2816 377 2896 scriptores.
406 2813 475 2874 vid.
490 2817 591 2874 Burm.
606 2812 645 2871 ad
656 2816 777 2873 Patron.
789 2813 840 2876 33.
853 2834 883 2891 p.
897 2814 969 2876 132.
979 2858 987 2887 ,
1008 2810 1102 2872 Drak.
1118 2813 1157 2872 ad
1168 2817 1235 2874 Lir.
1254 2817 1305 2891 23,
1316 2815 1368 2890 46,

209 2921 255 2993 6.,
276 2919 373 2976 Beier.
393 2915 433 2974 ad
445 2917 507 2979 Cia.
523 2915 607 2976 Ollio.
623 2919 647 2975 l.
666 2937 696 2995 p.
710 2917 799 2989 289..
824 2913 924 2990 Sillig.
946 2910 986 2970 ad
1008 2914 1067 2972 cir.
1089 2917 1142 2978 65.
1167 2951 1211 2962 --
1236 2919 1371 2976 Teanum

208 3019 241 3080 11.
257 3021 278 3081 1.
296 3019 466 3080 Sidicinum
481 3018 625 3099 (Tisna),
648 3017 771 3076 Calibus
783 3017 934 3089 vicinum,
960 3035 978 3072 a
994 3017 1076 3092 Bajis
1090 3016 1129 3075 ad
1141 3019 1266 3096 triginta
1284 3020 1371 3078 milia

209 3131 359 3180 remotum
376 3133 415 3196 et,
432 3133 466 3181 ut
481 3125 522 3179 ait
535 3124 651 3197 Aaron,
667 3161 680 3190 ,
684 3118 857 3190 ,abundans
874 3117 1105 3197 optinussabris
1120 3130 1148 3176 et
1163 3119 1370 3179 sartoribus.“

210 3223 277 3286 Vid.
292 3225 400 3284 Strabo
421 3225 457 3300 5,
476 3223 507 3286 3.
522 3244 553 3303 p·
571 3222 644 3285 384.
667 3218 807 3281 Tauohn.
825 3223 905 3280 Vett.
920 3223 1048 3283 Roman.
1062 3224 1198 3284 itinerar.
1216 3222 1263 3283 ed.
1275 3225 1370 3283 Wes-

209 3327 317 3405 seling.
332 3347 362 3407 p.
377 3329 448 3390 122.
462 3323 535 3390 304.
549 3335 579 3384 et
591 3343 668 3406 qnos
681 3322 808 3384 laudant
827 3328 866 3386 N.
882 3325 1024 3383 Heinsius
1041 3335 1071 3382 et
1088 3321 1243 3384 Drakenb.
1258 3324 1298 3385 ad
1311 3327 1368 3391 sit

207 3431 245 3504 8,
261 3429 350 3505 513,
371 3430 481 3510 quibus
504 3426 582 3486 adde
601 3428 775 3507 capmartin
793 3425 830 3485 de
849 3424 978 3505 Chaupy
994 3427 1127 3486 Deoour.
1142 3427 1180 3486 de
1198 3431 1231 3488 la
1250 3433 1370 3491 maison

208 3543 264 3595 eto.
279 3533 331 3592 111.
352 3552 383 3611 p.
404 3529 537 3595 4711-
561 3529 680 3588 tolletis.
726 3533 771 3588 De
790 3528 849 3590 hoo
869 3530 975 3588 Futuri
994 3527 1089 3591 ludia.
1110 3551 1165 3610 pro
1186 3535 1369 3613 imperativo

208 3655 265 3693 asu
282 3636 370 3714 plura
390 3633 525 3693 dicemus
544 3631 583 3692 nd
605 3634 701 3712 Epist.
719 3633 776 3708 10,
801 3631 872 3707 24,
899 3631 1036 3692 conferas
1054 3641 1157 3690 11111111
1176 3633 1227 3694 hio
1242 3637 1369 3714 Kramp

208 3735 246 3795 de
260 3757 319 3796 usu
332 3739 504 3817 lrnperatiri
524 3755 571 3815 ap.
591 3737 689 3793 Latin.
706 3736 740 3791 111
761 3735 910 3794 Friedem.
934 3746 964 3793 et
986 3735 1116 3794 Seebod.
1127 3737 1214 3796 Misa.
1230 3738 1314 3796 01111.
1329 3739 1368 3798 11.

207 3837 237 3901 4.
255 3859 286 3918 p.
299 3837 371 3902 734.
390 3850 421 3896 et
441 3836 550 3897 Heind.
573 3836 611 3894 ad
630 3839 708 3899 Plat.
731 3839 821 3917 Gorg.
837 3839 888 3901 50.
903 3859 933 3917 p.
952 3839 1004 3900 68.
1047 3840 1156 3896 Nescio
1174 3843 1296 3919 utique,
1316 3859 1370 3897 our

207 3941 393 4013 Hooleder„
416 3960 511 4022 quum
530 3949 609 3998 reate
627 3938 684 3998 hoc
705 3940 852 3999 Futurum
870 3943 927 4021 Ep.
950 3941 1010 4014 13,
1028 3941 1059 4004 2.
1084 3942 1289 4022 explicaverit,
1310 3939 1370 4000 hoo

206 4045 274 4102 loon
287 4046 321 4101 in
333 4045 447 4104 Futuro
461 4047 639 4103 vaticinium
652 4040 806 4124 quoddam
822 4041 940 4118 videat,
958 4044 1019 4101 nisi
1032 4044 1125 4100 aliam
1139 4043 1230 4102 totius
1242 4043 1303 4102 1οοὶ
1313 4063 1369 4102 re-

205 4147 242 4206 lit
267 4148 559 4226 interpretationem,
590 4147 701 4204 velati:
734 4149 887 4221 „vitiosae
902 4143 1101 4224 eupiditatisi
1122 4147 1291 4224 auspioiam
1310 4148 1369 4205 ali·
1491 4175 1494 4179 ⁷

206 4249 289 4330 qnod
316 4253 501 4326 annuerit,“
523 4259 557 4308 ut
578 4247 644 4329 ipsa
664 4249 876 4327 intelligantur
900 4248 1033 4325 auspicia
1062 4266 1167 4325 reapse
1190 4247 1367 4324 observata,

207 4348 288 4432 quod
302 4352 339 4412 ab
353 4350 413 4412 hoe
429 4350 553 4433 quidem
568 4351 636 4411 loco
654 4351 790 4410 alienum
806 4347 935 4408 videtur.

289 4457 326 4519 V.
347 4453 486 4519 87-89.
528 4455 640 4514 betam
656 4486 700 4500 -
711 4455 840 4512 inania.
887 4451 1001 4511 81111111
1014 4469 1078 4510 non
1090 4461 1154 4527 ast,
1176 4463 1211 4511 111
1226 4455 1367 4516 nonnulli

206 4557 331 4618 rolant:
353 4603 373 4636 „
381 4559 482 4617 11111111
499 4555 624 4617 landant
647 4557 800 4618 fortunam
820 4555 989 4632 coelibum,
1009 4553 1141 4615 coelibes
1157 4558 1368 4635 maritorum,“
