3450 5334
345 510 410 578 362
453 514 738 577 confflnNTAnss
757 516 802 577 IN
821 515 991 579 ΗΟΒΑΤΙΙ
1011 516 1088 578 LIB.
1104 518 1125 578 1.
1140 516 1268 579 EPIST.
1283 518 1394 581 SEPT.
1461 518 1508 586 90

346 703 499 763 collectum
515 703 657 783 nullisque
677 707 752 763 ennio
773 705 942 765 districtione.
987 706 1125 765 Ceterum
1145 707 1340 766 dulcissimum
1354 706 1508 787 111111111ρί-

346 806 462 865 theton:
483 806 583 864 duleie
607 808 717 876 ame'ce,
740 807 819 885 quod
838 816 886 869 est
906 809 969 867 Sat.
995 812 1024 885 1,
1046 810 1083 884 3,
1110 808 1161 869 69.
1187 810 1272 887 139,
1293 809 1422 887 pluribus
1443 810 1507 869 illu-

346 915 421 968 strat
441 909 577 969 Amtzen.
599 911 638 968 ed
658 911 725 969 cet.
746 908 871 970 Distich.
896 913 934 986 1,
958 907 1012 973 34.
1035 912 1073 970 ef.
1096 911 1193 972 Thiel.
1216 914 1254 972 ed
1280 911 1363 988 Virg.
1385 910 1459 971 Aen.
1480 912 1506 970 1.

345 1030 374 1088 p·
398 1010 472 1075 215.

430 1111 465 1171 V.
487 1114 539 1178 13.
586 1112 663 1171 Cum
682 1112 839 1193 Zephyris.
883 1115 929 1175 lta
944 1113 1063 1175 Lucret.
1086 1114 1118 1190 5,
1140 1114 1215 1176 736.
1259 1113 1291 1173 lt
1314 1114 1374 1172 Ver
1391 1122 1421 1169 et
1443 1112 1507 1171 Ve-

344 1235 403 1272 nue
433 1225 483 1286 et,
525 1215 610 1274 Veris
635 1218 857 1294 praenuntiae,
892 1227 963 1273 onte
987 1228 1140 1294 pennatae
1165 1215 1308 1295 graditur
1335 1214 1502 1293 Zephfflm.

345 1315 449 1381 Catull.
469 1311 531 1393 47,
554 1320 571 1380 1
592 1336 639 1395 sq.
681 1319 755 1376 Iam
774 1339 828 1377 ver
846 1318 979 1398 egelidos
999 1319 1092 1398 refert
1111 1330 1237 1396 tepores,
1259 1318 1331 1375 lam
1352 1317 1428 1375 coeli
1439 1319 1505 1396 so-

342 1438 394 1475 ror
421 1417 651 1497 aequinocteolto
677 1420 821 1479 Iooondis
848 1421 984 1500 Zephyri
1012 1420 1124 1480 edeeoit
1143 1421 1239 1479 αιινίο.
1284 1420 1365 1498 Virg.
1390 1418 1447 1479 Ge.
1472 1422 1503 1495 1,

340 1517 395 1582 44.
444 1520 520 1578 Vere
538 1540 629 1592 novo,
647 1521 769 1600 gelidus
789 1524 877 1582 oanis
897 1546 993 1604 quum
1013 1521 1163 1581 nwntibue
1181 1521 1290 1580 humor
1306 1522 1452 1602 Liqnitw
1472 1532 1503 1579 et

343 1618 481 1697 Zephyro
496 1624 600 1699 penno
620 1643 651 1682 ee
664 1624 758 1703 gleba
775 1626 910 1685 reooleit.
956 1626 1082 1706 Zephyri
1104 1626 1179 1684 enim
1199 1624 1258 1683 od.
1283 1628 1319 1700 1,
1350 1622 1388 1700 4,
1419 1626 1449 1687 1.
1471 1630 1504 1683 et

340 1741 361 1780 e
380 1722 522 1782 Cicerone
542 1724 675 1784 Favonii
700 1729 839 1787 nominati
869 1734 900 1788 et
927 1729 974 1788 die
999 1734 1082 1787 sexto
1100 1732 1168 1786 ente
1188 1728 1252 1785 idus
1273 1726 1445 1787 Februariae
1463 1726 1501 1785 eb

341 1843 448 1883 occasu
473 1844 566 1904 eoque
596 1830 798 1906 aequinoctiali
818 1833 943 1908 flantes,
974 1830 1114 1891 Romanis
1136 1848 1188 1889 ver
1208 1828 1394 1908 openiebent‚
1424 1829 1502 1887 unde

341 1927 493 2006 Zephyros
508 1939 601 2006 poter
622 1932 702 1988 eene
721 1931 882 1993 Claudiano
904 1934 993 1993 ondit.
1036 1932 1102 1991 Vid.
1123 1930 1251 1991 Miteoh.
1274 1932 1312 1989 ed
1334 1932 1394 1991 Od.
1418 1936 1448 2008 1,
1466 1926 1500 2007 4,

343 2031 373 2093 1.
394 2026 435 2105 4,
459 2030 516 2108 12,
541 2035 570 2096 1.
591 2031 686 2111 (cujus
708 2034 892 2096 doctissimae
917 2035 1087 2115 expositioni
1107 2054 1183 2094 nuno
1204 2033 1280 2093 adde
1301 2034 1339 2091 de
1359 2032 1499 2092 Ornithiie

339 2152 371 2193 ο.
386 2132 534 2198 Raomer.
556 2136 587 2192 in
606 2134 683 2193 Mus.
703 2135 799 2197 Rhen.
815 2138 908 2202 1887.
929 2140 981 2199 IV.
1003 2135 1142 2217 p.516.)‚
1164 2135 1251 2195 Voss.
1273 2141 1304 2195 et
1320 2133 1440 2212 Forbig.
1459 2135 1498 2194 ed

339 2233 417 2313 Vng.
438 2234 459 2293 1.
482 2236 502 2294 1.
524 2236 858 2301 wemsd.ad1>enod.
882 2245 912 2317 2,
936 2240 1037 2305 1.111.
1060 2259 1090 2318 p.
1114 2240 1186 2303 268.
1204 2236 1367 2295 ἂίνῑιοῶοο
1382 2240 1496 2316 prena.

339 2335 383 2396 lta
412 2343 533 2415 utroque
559 2358 607 2397 ree
629 2341 761 2418 jungitur
780 2360 829 2418 ap.
851 2339 930 2419 Virg.
950 2344 980 2401 in
1002 2342 1058 2401 Ge.
1081 2340 1122 2417 4,
1158 2340 1233 2405 305.
1276 2342 1348 2399 Hoc
1365 2342 1497 2420 geritur,

339 2438 486 2516 Zephyris
509 2442 645 2517 primum
673 2440 896 2518 impellentibus
925 2442 1042 2518 undae,
1075 2475 1119 2488 —
1146 2453 1218 2499 ante
1243 2442 1381 2501 Ganulo
1402 2462 1497 2522 quam

337 2542 431 2617 tignis
451 2540 559 2599 nidum
575 2543 742 2620 empendot
760 2542 903 2602 leinmdo.
950 2543 1100 2601 Columell.
1113 2544 1149 2603 de
1164 2543 1337 2604 Cultflort.
1353 2544 1495 2608 77-80,

335 2638 459 2699 Leonid.
480 2644 512 2701 in
531 2641 598 2702 Del.
619 2643 722 2723 Epigr.
745 2646 793 2703 ed.
814 2645 866 2705 Fr.
888 2646 950 2703 Jec.
974 2647 1010 2721 1,
1038 2648 1099 2722 88,
1129 2647 1158 2706 1.
1180 2649 1348 2727 λαλαγεῦσα
1368 2641 1496 2725 χελιδών

335 2736 398 2821 ἤδη
420 2738 602 2823 penalem,
623 2739 667 2826 χοί
689 2748 803 2827 χαρίεις
823 2746 974 2826 Ζέφυρος.
1018 2748 1144 2827 Oppinn.
1164 2746 1200 2805 A.
1222 2749 1255 2825 8,
1278 2744 1351 2813 244.
1374 2744 1494 2827 εἰαρινή

336 2838 483 2924 Ζεφύρου
503 2844 712 2929 πρωτᾶγγελος
732 2846 823 2932 ὄρνις.
870 2850 942 2910 Inde
961 2848 1079 2911 Petron-
1102 2850 1154 2913 55.
1176 2850 1275 2929 (Both.
1294 2851 1411 2929 Fregm.
1433 2851 1493 2909 Co-

251 3006 253 3008 .
333 2948 399 3005 mic.
419 2968 451 3026 p.
473 2945 563 3028 264.)
602 2950 686 3009 Avis
706 2952 793 3011 exod
811 2951 932 3022 hiemis,
953 2950 1059 3010 titolm
1083 2952 1177 3030 tepidi
1199 2954 1349 3031 temporie.
1390 2951 1492 3011 Avien.

334 3047 439 3113 Descr.
453 3050 526 3109 Orb.
541 3051 615 3114 706.
638 3072 705 3113 vere
726 3075 803 3112 novo
825 3053 916 3111 tellus
936 3072 968 3111 ee
988 3053 1068 3113 doro
1086 3054 1217 3126 relaxat,
1243 3052 1493 3133 culminibusque

334 3154 420 3210 eoois
438 3150 586 3210 blondum
606 3158 713 3235 strepit
735 3156 800 3215 aleo
819 3156 961 3215 hirundo.
1005 3157 1131 3235 Oppian.
1147 3156 1183 3215 A.
1202 3160 1233 3234 1,
1249 3156 1323 3222 729.
1342 3156 1492 3237 εἰαρινῆοι

333 3246 494 3333 χελιδόσιν.
544 3254 666 3317 Philem.
687 3258 926 3339 Fregm.CX1V.
969 3254 1005 3319 Ἡ
1029 3255 1085 3338 μὲν
1113 3254 1238 3339 χελιδών
1267 3255 1300 3322 τὸ
1324 3257 1433 3339 θέρος,
1465 3251 1492 3321 oi

332 3348 442 3435 γύναι,
477 3359 569 3420 λαλεῖ.
610 3357 658 3418 De
683 3360 740 3421 hoc
768 3364 918 3422 notissimo
941 3362 1119 3421 Graecorum
1145 3360 1298 3440 proverbio
1319 3362 1376 3418 vid.
1398 3360 1490 3419 Hedr.

331 3456 400 3515 Jun.
423 3457 538 3536 Adagg.
559 3459 645 3520 Cent.
666 3461 729 3539 VII,
750 3466 802 3529 21.
844 3463 959 3522 Eraem.
981 3461 1094 3541 Adagg.
1114 3466 1144 3541 1,
1167 3466 1206 3540 6,
1227 3462 1278 3526 59.
1300 3469 1330 3521 et
1350 3462 1389 3520 de
1408 3481 1490 3521 men-

332 3559 446 3617 dicandi
462 3561 520 3617 ritu
533 3549 722 3638 χελιδονίζειν
736 3573 840 3625 vocato
853 3565 988 3625 Wernsd.
1003 3568 1042 3625 ed
1055 3565 1139 3625 Poet.
1153 3565 1205 3624 lat.
1218 3566 1287 3624 min.
1300 3564 1336 3623 V.
1350 3585 1380 3643 p.
1397 3564 1488 3629 1041.

332 3661 458 3720 Omnino
487 3662 524 3720 de
554 3662 717 3722 hennom
737 3669 817 3726 vem
833 3670 1020 3746 praenuntio
1049 3668 1126 3726 conf.
1147 3666 1265 3725 Mitsch.
1288 3672 1318 3727 et
1338 3666 1430 3726 Orell.
1451 3668 1488 3727 ad

331 3763 445 3841 0114,
468 3763 520 3840 12,
542 3764 573 3826 5.
618 3766 680 3827 cm.
701 3768 739 3827 ed
760 3768 849 3828 Attio.
875 3770 924 3842 10,
946 3772 976 3835 2.
998 3769 1029 3848 9,
1052 3768 1104 3833 18.
1148 3768 1234 3828 Ovid.
1256 3768 1338 3827 Fast.
1360 3772 1391 3845 2,
1413 3769 1487 3833 853.

332 3864 468 3944 colpum.
491 3864 530 3943 5,
564 3867 690 3932 1617.
734 3868 856 3931 Pented.
880 3874 920 3948 2,
954 3873 1005 3934 17.
1047 3870 1165 3931 Anthol.
1187 3870 1239 3933 lat.
1262 3871 1309 3930 ed.
1331 3870 1430 3931 Burm.
1456 3872 1488 3948 5,

329 3964 384 4043 74,
405 3967 437 4029 3.
479 3968 602 4027 Hesiod.
624 3971 683 4050 Op.
707 3980 737 4033 et
755 3973 796 4035 Ι).
811 3975 884 4039 566.
928 3973 1077 4053 An'stoph.
1092 3972 1191 4050 Equit.
1206 3970 1280 4034 419.
1323 3972 1487 4051 Demophil.

329 4067 482 4129 Similitud.
504 4064 558 4133 40.
578 4088 627 4151 ep.
650 4074 743 4136 Orell.
764 4077 789 4136 1.
804 4096 835 4158 p.
851 4079 883 4140 8.
926 4074 1065 4136 Athenae.
1081 4076 1115 4152 8,
1138 4074 1187 4138 15.
1202 4094 1233 4153 p.
1250 4076 1325 4139 860.
1366 4075 1484 4135 Munek.

329 4170 367 4228 86
386 4170 493 4249 Hygia·
515 4169 588 4230 Feb·
609 4174 662 4237 45.
684 4197 715 4257 p.
734 4174 787 4240 94.
831 4178 905 4240 zell.
926 4176 1227 4257 „Feriennehristen.“
1247 4177 1273 4237 1.
1292 4196 1323 4256 p.
1343 4180 1397 4241 68.
1418 4194 1484 4255 sqq.

329 4279 361 4331 et
379 4291 410 4352 p·
433 4272 485 4336 89.
506 4272 548 4332 Ν.
572 4277 622 4340 12.

412 4369 449 4434 V.
474 4368 525 4439 14.
539 4409 583 4422 -
598 4377 649 4441 19.
693 4378 769 4439 Non
797 4403 857 4462 quo
877 4415 920 4428 -·
940 4382 1101 4465 relinques.
1153 4381 1365 4442 Sententiam
1395 4382 1485 4442 ordo:

328 4470 521 4549 „Absentiam
546 4487 644 4540 autem
672 4501 765 4543 meam
790 4486 820 4544 in
848 4485 963 4563 longius
989 4494 1102 4564 tempus
1123 4484 1311 4545 differendam
1330 4504 1366 4543 eo
1391 4487 1485 4543 minue

327 4593 416 4653 aegre
437 4578 525 4653 feres,
546 4582 699 4657 quinimmo
717 4584 826 4647 lubenti
845 4589 940 4649 animo
960 4590 1027 4649 mihi
1044 4588 1197 4666 concedes,
1219 4608 1277 4666 quo
1293 4588 1401 4664 majora
1418 4595 1489 4649 eunt
