3450 5334
337 490 406 560 250·
437 488 726 556 commun
743 486 974 553 munnam
990 488 1104 553 Lmt
1127 488 1254 555 EPIST.
1268 490 1410 563 QUlNT.
1452 494 1494 558 60

338 678 486 760 progeniei
502 676 549 738 rel
572 677 611 741 Τ.
629 678 674 737 rel
696 675 732 735 A.
752 674 850 737 Manlii
863 676 1015 753 Torquati·
1057 676 1141 735 lllum
1161 678 1277 755 quidem
1294 678 1451 738 omiserunt
1464 682 1494 737 et

336 779 487 841 Ernestius
509 785 540 838 et
563 778 734 855 Sebitzius,
761 784 795 838 nt
814 786 892 839 recte
914 778 1047 839 observat
1062 778 1184 839 Orellius
1200 780 1230 838 ia
1249 781 1398 843 Onomast
1415 779 1492 842 Tull.

338 904 369 963 p.
384 882 458 947 379.

423 983 560 1059 Quisquis
571 982 626 1041 tuit
641 979 806 1059 Torquatus
818 980 883 1061 ille,
901 982 956 1041 suit
968 982 1162 1043 celeberrimus
1177 1002 1325 1043 cansarum
1345 986 1493 1063 patronus,

337 1086 441 1163 bomo,
465 1090 499 1144 nt
511 1086 640 1160 videtur,
667 1084 847 1164 asplendida
868 1084 1001 1161 lautaque
1022 1086 1081 1145 rita
1096 1104 1156 1145 non
1169 1084 1292 1163 micans,
1314 1084 1413 1161 isque,
1435 1100 1492 1159 quo

337 1186 476 1248 Horatius
489 1192 617 1245 uteretur
629 1186 809 1246 samilimiter.
852 1184 1005 1245 Hominem
1021 1187 1087 1266 plns
1111 1206 1203 1265 aequo
1224 1206 1339 1267 parcum
1359 1206 1393 1245 ac
1413 1191 1493 1244 terra·

338 1304 399 1347 csm
411 1287 492 1347 multi
503 1304 568 1345 enm
582 1286 711 1347 {comunt
721 1293 809 1365 atque
824 1286 910 1345 bodie
923 1287 1031 1345 faciunt
1044 1288 1223 1368 interpretes,
1235 1290 1264 1347 in
1282 1286 1384 1365 quibus
1402 1285 1492 1344 Wu-

337 1388 586 1447 hndiusaostras
598 1388 731 1448 subtilius
747 1407 831 1466 quam
849 1386 942 1448 verius
959 1389 1100 1449 disseruit.
1141 1390 1201 1449 Sed
1223 1388 1362 1449 maculam
1387 1388 1493 1447 teuaei

338 1491 408 1551 tatis
424 1489 461 1548 ab
474 1490 674 1566 interpretibus
688 1490 750 1548 viro
768 1490 878 1568 optimo
894 1507 1039 1568 aspersam
1062 1491 1222 1551 humaniter
1240 1488 1375 1549 abstersit
1392 1488 1492 1547 buma-

337 1592 471 1652 nissimus
491 1590 544 1648 Fr.
568 1590 729 1650 Jacobss'ua
748 1592 778 1650 iu
800 1592 915 1670 „Verm
927 1592 1091 1653 Scluiiteu“
1111 1593 1149 1651 V.
1162 1613 1193 1673 p.
1207 1592 1259 1655 50.
1274 1608 1351 1667 sqq,
1371 1607 1492 1667 quocum

337 1694 453 1769 confer,
471 1710 546 1768 quae
558 1694 597 1751 ad
611 1713 638 1751 v·
653 1696 684 1756 8.
699 1694 837 1753 dicentur.
882 1694 993 1764 Quodsi
1007 1712 1074 1754 vera
1087 1699 1156 1753 suut
1170 1713 1242 1772 quae
1256 1693 1292 1752 de
1309 1690 1417 1769 gratia,
1436 1707 1492 1767 qua

337 1793 457 1853 multum
473 1792 594 1853 valuerit
613 1795 780 1871 Torquatus
801 1794 880 1873 apud
899 1793 1078 1873 Augustum,
1100 1796 1257 1873 disputavit
1287 1792 1491 1863 Wsichertuc,

338 1914 398 1955 uon
412 1894 664 1973 praetermittenda
673 1896 786 1955 silerrtio
799 1905 844 1955 est
857 1896 941 1973 hujus
954 1896 1005 1955 viri
1020 1896 1174 1957 doctissimi
1186 1896 1336 1972 sententia,
1353 1912 1408 1971 qua
1423 1892 1493 1969 quid

339 1994 432 2056 Poeta
451 1996 482 2053 iu
498 1996 648 2058 scribenda
673 1998 726 2059 bac
745 1996 878 2078 Epistola
901 2000 1053 2077 spectarit,
1080 2004 1179 2080 aperte
1197 1998 1335 2057 declarat:
1366 1991 1491 2073 „Plures

338 2103 433 2156 sutem
451 2094 557 2175 (inquit
579 2098 626 2158 ille
652 2120 682 2179 p.
702 2100 792 2180 310.)
815 2099 962 2179 Epistolae
974 2100 1087 2161 Horatii
1109 2107 1246 2161 testatum
1260 2101 1385 2175 faciunt,
1406 2116 1491 2174 quam

337 2205 456 2277 accepta
467 2216 500 2256 ac
506 2200 632 2275 jucunda
644 2202 699 2280 ipsi
715 2202 801 2261 fuerit
811 2202 988 2262 consuetudo
1001 2221 1064 2261 cum
1080 2197 1492 2279 bominibusapudAugustum

337 2300 473 2377 gratiosis
495 2308 526 2357 et
549 2320 633 2378 quam
655 2322 743 2383 saepe
761 2322 796 2362 ac
819 2304 952 2363 lubenter
971 2305 1008 2361 ad
1026 2322 1076 2363 eos
1100 2302 1260 2381 scripserit,
1281 2320 1341 2361 uon
1364 2318 1422 2376 quo
1442 2314 1491 2356 eos

337 2402 470 2461 edoceret
489 2401 597 2461 adeove
627 2404 663 2463 dc
682 2405 805 2465 stultitia
823 2406 931 2465 urbane
948 2410 1155 2482 commoneret,
1183 2405 1235 2463 sed
1255 2408 1288 2463 ut
1311 2401 1491 2477 bacratioue,

337 2505 408 2581 qnid
422 2504 485 2583 ipse
495 2505 615 2563 sentiret
627 2507 664 2565 de
676 2509 735 2566 vita
750 2508 893 2585 rebusque
914 2508 1063 2583 humanis,
1083 2505 1250 2583 divulgaret.
1293 2503 1402 2564 Eodem
1424 2519 1491 2559 con·

336 2604 400 2665 silio
413 2605 451 2662 ad
466 2603 646 2681 Torquatum
660 2608 795 2687 scriptam
806 2629 870 2671 esse
888 2627 991 2675 censeo
1006 2628 1092 2687 quum
1107 2608 1279 2687 Epistolam,
1300 2611 1361 2663 tum
1372 2603 1491 2663 maxime

337 2706 434 2767 Odam
445 2705 537 2784 illm,
551 2708 651 2785 inqua
665 2730 718 2771 suo
731 2730 809 2773 more
821 2714 858 2771 de
871 2720 949 2773 recto
962 2712 1037 2771 vitae
1052 2710 1160 2788 fugacis
1175 2728 1228 2767 usu
1242 2702 1491 2787 philosophatur.“

337 2810 525 2886 Quanquam,
545 2810 571 2867 si
592 2812 630 2869 de
648 2818 777 2892 tempore
794 2814 956 2895 scriptionis
968 2812 1130 2890 quaeritur,
1152 2814 1181 2870 iu
1195 2810 1247 2871 hac
1257 2806 1386 2887 Epistola
1397 2812 1491 2866 certae

336 2910 473 2988 temporis
485 2917 572 2969 notae
583 2913 705 2992 desunt,
725 2916 757 2974 id
770 2923 867 2977 nmen
884 2918 913 2975 in
928 2922 1065 2995 promptu
1080 2921 1143 2991 est,
1156 2932 1219 2971 earu
1235 2930 1311 2971 auno
1328 2910 1403 2973 728.
1423 2928 1451 2967 u.
1464 2926 1490 2967 c.

336 3013 522 3092 posteriorem
534 3032 598 3074 esse
607 3024 695 3093 atque
711 3018 821 3095 aliquot
843 3020 926 3079 anuis
937 3023 1005 3097 post
1018 3017 1152 3096 scriptam
1167 3014 1264 3074 videri.
1306 3010 1491 3070 Kircbnerus

337 3114 442 3194 igitur,
464 3134 585 3192 quocum
605 3118 713 3179 faciunt
727 3120 902 3179 Solimsilitcs
922 3125 953 3178 et
978 3118 1182 3189 Weichsrtua,
1203 3113 1363 3195 Epistolam
1384 3112 1421 3171 ad
1440 3130 1490 3169 arr-

337 3236 406 3279 num
421 3219 494 3282 733.
507 3221 612 3279 reterre
626 3238 685 3279 nou
699 3221 822 3282 dubitat.
864 3221 961 3298 Atque
974 3220 1051 3279 hand
1061 3220 1120 3278 scio
1134 3236 1171 3276 an
1182 3236 1272 3276 annus
1284 3218 1305 3277 7
1306 3211 1358 3280 34.
1369 3210 1491 3295 (Vara),

336 3321 363 3379 si
380 3320 463 3380 beent
479 3321 595 3400 conjici,
614 3322 787 3400 probabilior
805 3326 853 3384 sit.
895 3324 959 3381 Hoc
974 3322 1049 3382 euim
1061 3338 1153 3398 anuo,
1174 3320 1252 3396 quod
1269 3322 1345 3375 recte
1359 3314 1491 3374 observa-

336 3424 380 3481 vit
403 3424 474 3481 Car.
498 3422 651 3482 Frentum
671 3445 701 3504 p.
719 3422 811 3504 204‚,
838 3424 963 3503 Augusti
982 3423 1043 3483 dies
1063 3424 1168 3482 natalis
1183 3422 1289 3498 majore
1303 3424 1444 3497 apparatu
1460 3421 1490 3473 et

336 3523 489 3602 splendore
507 3532 582 3585 teste
602 3524 695 3585 Dione
709 3528 811 3586 Cassio
824 3524 884 3605 bl,
905 3530 936 3590 8.
958 3524 1169 3586 concelebratus
1181 3542 1244 3583 esse
1259 3522 1379 3582 videtin.
1421 3516 1490 3575 Ete—

337 3626 396 3684 nim
417 3625 467 3700 qui
485 3624 617 3687 natalicia
635 3630 702 3687 Iulii
721 3630 853 3690 Caesaris
871 3628 1049 3707 intelligunt,
1075 3626 1182 3686 babent
1201 3626 1221 3683 ii
1243 3623 1356 3700 quidem
1374 3622 1405 3679 iu
1423 3617 1489 3677 'retu

336 3746 419 3787 suam
432 3728 579 3787 cacavam
591 3729 667 3789 illam
689 3742 803 3790 noctem
823 3731 864 3811 (a.
885 3734 913 3791 d.
927 3732 975 3791 lv,
990 3731 1034 3794 ld.
1049 3724 1199 3807 Quintil),
1219 3732 1345 3786 attamen
1363 3720 1490 3799 dixerim,

337 3830 508 3908 Horatium,
526 3832 550 3889 si
563 3830 668 3890 lulium
679 3832 832 3891 Caesarem
844 3834 1044 3911 intellexisset,
1069 3852 1127 3892 non
1141 3828 1260 3909 simplici
1280 3826 1417 3885 Cameris
1438 3843 1495 3883 no·

337 3934 413 3991 mine
426 3951 541 3991 usurum
552 3932 655 4008 fuisse,
675 3951 837 4010 quanquam
852 3954 897 3994 me
914 3955 971 3995 uon
985 3936 1075 4013 fugit,
1094 3934 1124 3992 id
1149 3932 1224 3991 uude
1245 3930 1303 3991 od.
1323 3930 1359 4005 1,
1380 3930 1417 4003 2,
1437 3922 1488 3989 44.

337 4034 399 4093 Sor.
415 4037 449 4113 1,
468 4034 503 4110 9,
522 4036 572 4097 18.
594 4034 632 4093 de
652 4034 710 4092 lul.
733 4036 858 4097 Caesare
878 4039 1017 4117 nsurpan'.
1061 4034 1102 4094 tr
1115 4034 1170 4094 alia
1184 4041 1230 4091 est
1242 4032 1352 4091 illorum
1364 4029 1490 4088 locomm

337 4136 421 4195 ratio.
466 4135 599 4194 Ceterum
618 4154 653 4194 eo
676 4146 845 4213 argumento
865 4147 933 4217 post
955 4139 1122 4197 Massonum
1143 4156 1174 4215 p.
1191 4134 1265 4197 209.
1288 4130 1423 4209 imprimis
1447 4130 1489 4185 uti

336 4241 405 4294 suut
427 4236 617 4295 Weiehertua
642 4258 674 4317 p.
693 4239 767 4301 816.
790 4246 820 4299 et
843 4242 914 4299 θον.
936 4240 1087 4297 flanheim
1107 4259 1138 4317 p·
1160 4236 1232 4301 203.
1275 4236 1371 4305 Quum
1384 4232 1490 4289 Caesar

336 4336 486 4415 Augustas
510 4340 539 4398 d.
559 4338 609 4397 lx.
625 4337 689 4397 Kal.
702 4341 819 4401 Octobr.
837 4348 923 4401 natus
939 4348 1028 4419 esset,
1047 4340 1191 4399 verissime
1207 4336 1359 4396 moa
1377 4332 1491 4393 videtur

337 4440 487 4516 conjecisse
491 4483 502 4519 ,
522 4442 596 4501 hanc
610 4441 724 4503 Horatii
737 4443 895 4522 Epistolam
908 4444 999 4521 pridie
1011 4441 1175 4501 sollemnem
1188 4440 1245 4499 diei
1255 4436 1357 4499 natalis
1367 4432 1490 4509 Augusti

337 4538 552 4602 celebrationem
566 4544 686 4625 primum
701 4564 727 4604 a.
738 4541 811 4613 734.
822 4544 970 4625 magnifica
980 4562 1089 4626 pompa
1101 4542 1262 4604 institutam
1277 4544 1335 4605 ie.
1352 4538 1382 4601 d.
1397 4534 1488 4597 llllll.
