3450 5334
336 493 381 558 44
442 497 723 560 oottlttttt't'tttu
741 499 783 557 tu
804 496 974 557 ttonA'ru
994 495 1126 556 nutet.
1147 497 1256 556 Pulli.
1276 498 1355 558 Lm.
1376 499 1402 556 l.

341 666 427 726 Ueste
439 667 505 727 sire
518 665 691 746 quicunqne
705 675 762 741 est,
782 665 868 744 cnjm
880 665 973 724 rerba
984 665 1191 725 communicet
1205 687 1276 726 cnm
1290 665 1456 726 lectoribus
1470 665 1505 722 iu

337 767 388 828 etl.
408 769 581 828 Tm.-
604 771 752 842 ,‚lloraoe,
770 765 971 826 il'imitation
987 763 1181 849 d’Aristippe‚
1196 767 1284 828 tische
1296 789 1360 827 non
1374 767 1413 825 de
1424 763 1505 825 s’ao-

216 869 225 892 ¹
338 868 511 932 commodet
521 889 561 928 an
576 889 664 930 oours
680 868 733 930 des
747 866 864 944 choses,
878 869 957 928 mais
971 867 1011 928 de
1025 869 1112 946 faire,
1126 873 1246 951 quoles
1260 869 1369 931 choses
1384 871 1505 930 contri-

336 971 459 1032 bueuti
470 971 618 1032 atenim
631 989 680 1030 ses
694 969 821 1032 dnusr‘
849 973 960 1031 Facete
972 972 1051 1032 ludit
1062 973 1157 1033 Poeta
1171 976 1204 1031 iu
1218 971 1268 1033 lris
1279 975 1389 1049 verbis,
1403 991 1505 1055 qnnm

336 1085 439 1136 contra
460 1075 555 1134 Stoici
575 1093 607 1132 se
620 1071 709 1132 rebus
726 1071 908 1152 subjungere
922 1075 945 1132 i.
961 1095 989 1133 e.
1008 1072 1259 1156 ὅμοιογονμένως
1273 1080 1314 1163 τῇ
1334 1069 1430 1154 φύσει
1445 1077 1505 1160 ζῇν

337 1179 401 1253 rel,
422 1187 457 1236 nt
469 1177 513 1236 eit
524 1177 640 1236 Seneca
655 1172 694 1233 de
708 1175 858 1235 clement.
873 1179 911 1250 2,
925 1176 975 1251 6.,
990 1195 1045 1234 nec
1057 1177 1118 1234 sibi
1130 1187 1265 1246 mmm,
1286 1177 1342 1236 sed
1350 1178 1505 1236 ωιίνινεὼ

335 1280 525 1362 sbrgrda'eque
534 1277 751 1338 consulendum
765 1277 918 1338 docerent.
938 1281 1046 1359 ltaque
1059 1289 1175 1354 errant,
1196 1280 1252 1358 qui
1268 1289 1304 1336 nt
1317 1299 1347 1336 r.
1364 1281 1416 1342 16.
1438 1281 1504 1336 Pe-

336 1384 540 1464 ripateticum,
556 1401 587 1440 r.
605 1384 656 1445 17.
678 1380 832 1456 Stoicum,
851 1399 884 1438 v.
896 1381 947 1444 18.
969 1381 1186 1461 Cyrenaicum,
1202 1383 1247 1440 sic
1260 1382 1360 1444 ν.19.
1377 1378 1503 1438 Acade-

335 1488 449 1545 micum
462 1495 571 1565 putant
583 1483 711 1546 describi
726 1493 778 1542 aut
791 1503 861 1542 cum
875 1484 1014 1544 Fabricio
1030 1495 1062 1543 et
1077 1487 1234 1544 Piscatore
1245 1485 1278 1540 iu
1299 1502 1330 1541 v.
1347 1482 1397 1545 19.
1418 1479 1501 1541 nihil

334 1585 440 1646 vident
455 1589 515 1646 nisi
528 1589 639 1648 Poetae
648 1586 879 1668 professionem,
899 1604 959 1665 qua
976 1606 1010 1645 se
1026 1587 1106 1649 nolit
1122 1587 1283 1646 sententiis
1296 1581 1501 1664 philosopho·

335 1709 403 1750 rum
418 1691 606 1750 summittere
622 1690 782 1748 serviliter.
824 1689 871 1746 lle
888 1689 1060 1769 Aristippo,
1082 1709 1176 1770 quem
1186 1697 1304 1748 veteres
1319 1687 1500 1766 interpretes

334 1793 423 1874 quasi
436 1794 668 1871 antesignanum
684 1793 920 1872 Epicureorum,
940 1792 985 1850 ita
1000 1803 1036 1850 ut
1050 1794 1116 1872 ipse
1135 1793 1278 1852 Horatius
1291 1809 1325 1849 se
1342 1790 1499 1869 professus

333 1897 374 1956 sit
387 1893 438 1954 hic
452 1896 560 1972 talem,
581 1895 716 1974 positum
732 1895 855 1968 volunt,
877 1891 940 1952 vid.
955 1905 1074 1974 praeter
1093 1892 1242 1955 Wieland
1256 1890 1296 1952 ad
1313 1891 1347 1950 h.
1363 1893 1387 1950 l.
1409 1901 1440 1951 et
1458 1891 1499 1950 ad
1519 1895 1523 1902 '

332 2001 391 2079 Ep.
407 2000 463 2074 17,
484 2000 537 2062 21.
580 1999 668 2075 Diog.
683 1999 783 2056 Lettrt.
797 1997 836 2072 2,
857 1996 899 2060 65
913 2014 982 2077 sqq.
1002 1998 1141 2057 Perizou.
1161 1996 1201 2056 ad
1213 1997 1335 2056 Aelian.
1356 1996 1393 2056 V.
1408 1996 1448 2052 ll.
1465 1996 1499 2070 9,

332 2103 388 2168 20.
405 2098 454 2178 14,
471 2103 502 2164 6.
520 2104 552 2176 7,
569 2100 613 2176 8.,
633 2100 722 2158 Beier
735 2095 775 2156 ad
791 2099 853 2157 Cic.
868 2097 953 2156 effic.
964 2101 996 2173 3,
1012 2099 1056 2162 33
1071 2109 1102 2157 et
1120 2101 1227 2178 Krugii
1244 2094 1426 2158 Gesoluichte
1443 2093 1500 2156 der

332 2203 449 2264 Philon.
462 2206 538 2263 alter
551 2203 619 2261 Zeit
634 2197 662 2282 §-
678 2203 716 2265 71
727 2219 796 2282 sqq.
819 2202 866 2260 cf.
878 2200 985 2278 Fltigel
999 2201 1051 2258 in:
1067 2200 1249 2262 Gesclrichte
1260 2201 1314 2260 der
1326 2200 1496 2260 Holnarren

223 2305 228 2310 ’
333 2329 364 2389 p.
381 2307 443 2372 185
457 2325 524 2388 sqq.
542 2337 587 2352 -·
596 2305 713 2385 furtim
724 2301 855 2374 relabor,
880 2302 945 2376 vel,
961 2302 1045 2382 qnod
1061 2303 1207 2385 equidem
1220 2305 1368 2384 praefero,
1382 2303 1497 2362 sensim

333 2421 364 2470 et
376 2411 534 2490 paulatim,
550 2418 584 2467 ut
596 2409 693 2486 Epist.
711 2408 747 2481 1,
763 2406 819 2481 10,
836 2405 905 2479 25.,
927 2423 1025 2484 quum
1042 2425 1083 2464 ue
1096 2410 1165 2488 quis
1178 2409 1237 2466 sibi
1251 2407 1497 2480 Inconstantiam,

332 2532 394 2594 qua
407 2510 541 2572 diversas
553 2509 732 2589 complexus
745 2509 785 2566 sit
797 2517 905 2580 sectas,
925 2508 1000 2566 vitio
1014 2519 1122 2584 vertat,
1139 2521 1208 2568 turn
1218 2521 1254 2569 ut
1267 2513 1448 2571 inclinatam
1462 2533 1497 2570 se

333 2625 425 2696 atque
438 2631 623 2696 propensum
644 2609 683 2670 ad
696 2611 843 2690 Aristippi
862 2606 1030 2669 doctrinam
1043 2612 1146 2690 jocose
1161 2614 1290 2691 indicet,
1311 2616 1379 2691 rel,
1399 2614 1496 2685 clam,

333 2737 455 2778 suasore
463 2717 607 2775 Cicerone
623 2711 661 2772 de
674 2716 755 2773 Orat.
768 2714 799 2788 3,
816 2714 868 2775 17.
891 2711 974 2770 Stetit
983 2715 1064 2772 eruin
1075 2726 1105 2772 et
1117 2715 1190 2775 born
1202 2720 1276 2788 viri,
1293 2729 1335 2789 et,
1349 2718 1497 2797 pirensem

331 2820 392 2880 aibe'
403 2822 448 2878 ita
460 2818 613 2889 ementur,
624 2816 721 2876 beati:
736 2817 1210 2896 mutumquemdmoneam
1224 2819 1364 2890 utillud,
1377 2821 1499 2877 suanm·

331 2934 376 2984 est
392 2924 593 2992 missurum,
613 2921 740 2978 tarum
752 2929 867 2990 mmm,
888 2930 1036 2998 tanquam
1047 2925 1239 2999 mysterium,
1259 2933 1393 2992 teneant,
1413 2923 1497 3000 quod

331 3038 458 3109 negaret,
472 3025 587 3086 vermi
601 3025 636 3082 in
649 3019 807 3102 republica
820 3041 882 3080 esee
900 3024 1055 3099 eapierru'e.
1080 3027 1182 3084 Minus
1202 3026 1280 3084 bene
1294 3023 1494 3103 Doriglrello:

330 3129 545 3210 inprudenter.
590 3127 687 3185 Nimis
706 3125 799 3182 etiam
820 3121 960 3200 definite,
982 3126 1382 3211 insisteussclroliastarum
1399 3131 1495 3186 resti-

330 3235 400 3314 giis,
415 3231 582 3309 Cruqut'us:
599 3238 718 3303 „sector
731 3225 1028 3308 voluptatem-sed
1033 3227 1152 3308 sentim
1165 3228 1197 3288 h.
1214 3252 1241 3290 e.
1257 3250 1320 3291 uon
1336 3250 1421 3291 more
1434 3251 1493 3288 ne-

330 3346 437 3417 potum
449 3332 581 3413 publioe,
599 3351 669 3388 oum
682 3330 808 3388 infamia
819 3331 1023 3409 turpiterque,
1038 3330 1093 3390 sed
1106 3335 1234 3408 occulte,
1247 3329 1369 3417 λάθρα,
1390 3356 1447 3394 neo
1460 3336 1491 3395 id

330 3439 391 3498 uisi
408 3436 514 3517 paneis
533 3433 637 3492 amicis
658 3433 722 3510 ejus
743 3431 787 3490 rei
806 3432 967 3490 conscils.“
1010 3432 1186 3494 Generatim
1203 3439 1376 3496 lirnmtsies
1393 3449 1493 3499 totum

330 3544 433 3602 locam
447 3539 491 3598 sio
505 3537 654 3616 explicet:
678 3537 759 3610 „Nec
773 3533 826 3593 abs
841 3553 874 3592 re
886 3541 948 3608 est,
970 3533 1177 3615 quodfurtim
1188 3540 1221 3598 in
1234 3539 1392 3619 Arsenpps'
1398 3563 1492 3619 proe-

330 3653 419 3724 cepta
435 3638 534 3700 relabi
547 3659 580 3698 ae
601 3636 692 3712 dicit,
714 3654 809 3716 quum
822 3635 855 3691 in
869 3646 974 3714 aperto
987 3639 1106 3698 virtutis
1122 3651 1269 3722 tanquam
1282 3645 1405 3703 satelles
1420 3647 1491 3725 qui-

331 3747 402 3808 dem
418 3741 586 3805 incederet:
605 3740 778 3802 Stoicorum
794 3738 886 3814 enim,
901 3740 956 3820 qui
965 3743 1068 3802 omnia
1081 3744 1116 3801 in
1126 3746 1239 3803 virtute
1252 3758 1381 3826 ponunt,
1397 3746 1493 3807 disci-

330 3853 415 3932 plina
428 3851 530 3909 lucem
544 3855 644 3917 arnnt3
662 3844 804 3921 voluptas
815 3843 933 3923 quaerit
947 3863 1009 3925 qno
1021 3864 1056 3903 se
1067 3847 1248 3908 abscondat:
1270 3849 1492 3910 consulendum

298 4019 300 4022 ,
330 3964 433 4014 nutem
453 3949 575 4033 publice
592 3944 755 4008 honestati.
765 3947 784 3980 “
821 3945 969 4004 Similiter
981 3945 1152 4010 Hochetler.
1181 3953 1222 4010 At
1233 3953 1261 4010 si
1272 3949 1323 4011 hic
1336 3951 1434 4012 relabi
1451 3954 1493 4014 ad

254 4103 260 4112 .
296 4041 307 4108 i
330 4055 405 4116 und.
422 4055 482 4112 civ.
499 4048 598 4132 (virg.
608 4052 686 4109 Λευ.
705 4049 755 4124 10,
769 4047 847 4129 307)
858 4048 960 4124 refert,
976 4051 1065 4111 aliter
1077 4056 1192 4129 sentio;
1214 4053 1330 4114 tlictsmr
1345 4068 1392 4115 est
1408 4061 1492 4118 enim

300 4139 311 4158 ⁶
330 4167 365 4218 ut
378 4177 428 4240 ap.
443 4157 507 4216 (lic.
522 4150 617 4213 Aeso
631 4153 663 4228 2,
677 4147 729 4227 46,
744 4149 817 4216 189.
833 4148 922 4210 labor
934 4171 983 4224 eo,
993 4163 1030 4212 ut
1042 4158 1192 4216 asomum
1203 4157 1401 4238 Ερίοωηωα
1411 4161 1493 4220 Λή.

303 4239 310 4350 :
329 4261 442 4338 steppo5
459 4267 581 4319 revocat
595 4257 702 4315 eune.
718 4285 762 4300 -
783 4252 973 4335 Sechjungere
979 4296 993 4327 ,
1012 4252 1251 4341 sisoim-vivus,
1274 4261 1451 4343 metaphora
1472 4285 1492 4324 a

330 4362 425 4422 boum
434 4361 510 4441 jugo
530 4357 636 4435 ducta,
658 4358 804 4437 majorem
817 4353 911 4416 habet
930 4367 962 4415 et
981 4358 1138 4438 gravitatis
1155 4371 1185 4421 et
1199 4363 1372 4425 festivitatis
1386 4369 1490 4428 notio-

330 4481 413 4538 nem,
433 4465 682 4544 quamscripturs
694 4461 887 4520 emnrsittere.
912 4459 1207 4540 virg-Aeu8,502.
1229 4465 1325 4524 Nulli
1334 4468 1395 4546 sae
1406 4469 1491 4528 Italo

332 4575 451 4626 tautum
464 4562 645 4646 abjungere
659 4575 789 4645 garum
818 4562 871 4624 Sic
884 4559 1010 4626 Pharus
1019 4562 1202 4645 subjungere
1216 4570 1319 4649 regeris
1333 4571 1366 4630 in
1382 4573 1492 4633 metti
