3450 5334
364 500 430 566 876
472 502 757 565 commissu
777 503 821 565 ΙΝ
841 501 1274 565 uouATuLffl.1.uP1sT
1300 502 1412 565 SEPT.
1457 504 1520 569 104
1567 586 1571 597 Ι

446 692 482 754 V.
506 694 559 757 50.
574 695 626 757 51.
668 691 830 751 Admau
851 726 892 736 -
911 712 1036 771 augrus.
1082 689 1229 771 Philippus
1250 694 1338 770 igitur
1356 694 1386 751 in
1400 692 1521 771 pergula

364 799 495 858 tonsoria
515 795 719 856 adsertoribus
740 813 829 853 meua
847 797 992 873 quendam
1013 794 1153 872 conspicit
1173 794 1335 871 honsiuem,
1365 798 1414 874 qui
1434 795 1521 854 barba

364 918 383 958 a
402 906 521 959 tonsore
540 898 647 958 abrasa
665 900 729 977 ipse
748 897 803 956 sibi
825 896 937 975 placide
958 894 1167 974 tranquilleque
1187 905 1300 957 resecat
1322 920 1443 979 ungues.
1471 900 1522 960 llle

364 1004 418 1061 lsac
438 1000 559 1061 hominis
588 1001 686 1079 specie
707 1001 750 1057 sic
772 998 920 1058 munditiei
939 996 1064 1057 urbanae
1093 1018 1211 1078 operam
1238 1004 1370 1061 navantis
1395 1010 1457 1063 visa
1483 1005 1524 1061 ita

366 1108 486 1185 eapitur,
507 1111 541 1162 ut
561 1122 686 1178 servum,
707 1102 755 1178 qui
777 1118 813 1159 ex
835 1119 882 1175 eo,
906 1102 970 1179 quis
992 1102 1043 1177 sit,
1065 1108 1195 1180 quaerat,
1214 1105 1244 1162 in
1262 1107 1438 1165 tonstrinam
1456 1107 1523 1165 mit-

366 1215 420 1268 tat
462 1207 618 1265 Verissime
635 1204 674 1261 ad
692 1221 787 1262 meum
807 1202 923 1277 quidem
943 1222 1060 1263 sensum
1081 1204 1133 1263 Il.
1152 1204 1310 1267 Iacobum
1330 1208 1401 1268 haec
1422 1207 1524 1267 obser-

367 1319 417 1370 vat
437 1310 480 1390 (p.
503 1306 603 1387 120.):
637 1304 738 1382 „Was
757 1306 810 1364 der
831 1304 934 1364 Grund
961 1306 1013 1364 der
1034 1312 1169 1385 erregteu
1191 1308 1451 1369 Ausmerlssamlseit
1471 1329 1523 1388 ge-

367 1432 483 1488 nesen,
510 1411 561 1470 hat
579 1410 681 1471 nom
701 1426 739 1467 aa
759 1424 852 1484 sagea
869 1404 950 1465 nicht
966 1406 1014 1465 sur
1034 1408 1136 1487 ndtlrig
1155 1410 1305 1487 gehalten:
1335 1413 1387 1472 wir
1406 1412 1524 1471 kinuea

368 1536 423 1575 uus
451 1514 520 1573 aber
549 1512 637 1572 leieht
662 1510 878 1585 hiuaudeuken,
914 1508 982 1567 dass
1010 1527 1042 1566 es
1067 1510 1120 1569 der
1148 1509 1300 1573 Ausdruck
1328 1518 1381 1575 der
1409 1515 1525 1574 Zufrie-

370 1616 487 1676 denheit
512 1634 589 1693 war,
624 1615 677 1673 der
703 1612 756 1671 aus
779 1612 888 1669 seinem
919 1609 1057 1669 Gesichte
1082 1611 1248 1695 lserrsclrte,
1283 1616 1424 1677 vielleiclst
1452 1616 1525 1677 auch

371 1720 435 1777 eine
455 1717 608 1796 Mischung
626 1736 684 1775 von
705 1710 938 1789 Gutmsitliigkeit
958 1713 1018 1771 und
1045 1714 1240 1795 meuheniger
1260 1720 1444 1797 Sclralklseit,
1479 1721 1527 1779 die

371 1821 424 1879 der
443 1818 580 1898 Neiguug
596 1820 656 1877 und
673 1818 772 1877 Weise
793 1815 848 1874 des
870 1814 1029 1875 Connrlars
1051 1820 1209 1897 ausagte.“
1251 1823 1335 1892 Quae
1350 1824 1402 1883 Vn»
1428 1824 1528 1882 hum.

371 1923 506 1982 nissimus
527 1923 664 2000 deinceps
682 1925 786 1980 contra
803 1917 1023 1997 Doerusgim
1043 1921 1092 1994 qui
1113 1924 1291 1987 consularem
1312 1926 1391 1987 illum
1412 1924 1529 1983 invidia

373 2036 489 2083 tadum
511 2024 605 2098 hujus
615 2023 718 2103 salicis
737 2020 868 2079 Ιιοηιίηὼ
889 2020 1016 2097 dixerat,
1047 2034 1162 2104 monet,
1187 2032 1254 2086 suut
1270 2028 1402 2105 quidem,
1424 2028 1530 2087 sicem

374 2131 412 2188 ad
432 2128 558 2206 lapidem
577 2127 702 2205 Lydium
721 2125 863 2203 exegeris,
881 2142 968 2201 vcra,
989 2128 1038 2199 at,
1059 2129 1113 2187 uisi
1132 2128 1228 2189 omnia
1247 2148 1293 2190 me
1311 2129 1431 2207 fallunt,
1453 2128 1531 2188 Doe-

374 2232 495 2309 ringius
517 2250 552 2289 ex
571 2234 673 2288 nostro
695 2246 828 2287 sermone
848 2235 962 2288 tanturn
977 2228 1171 2305 fortunatam
1193 2230 1268 2289 illius
1289 2230 1410 2289 hominis
1432 2230 1532 2290 condi-

376 2336 485 2393 tionem
504 2333 569 2391 istis
590 2330 686 2391 verbis
707 2331 798 2391 voluit
819 2329 993 2408 siguificare.
1036 2332 1096 2391 Sed
1118 2350 1169 2391 cur
1195 2333 1377 2391 discesserim
1401 2333 1438 2391 de
1459 2332 1533 2390 scri-

377 2441 464 2516 ptura
483 2434 612 2493 abrasus
632 2450 651 2490 a
667 2430 824 2490 Sabaridio
843 2450 910 2491 meo
930 2432 1130 2494 sollertissime
1150 2435 1271 2495 defensa
1291 2433 1391 2515 (etiam
1405 2435 1435 2493 in
1448 2433 1533 2493 Jahn.

378 2536 475 2598 NJbb.
497 2534 659 2599 1831.111.
679 2554 711 2611 p.
730 2534 782 2598 18.
802 2535 878 2593 coul'.
901 2533 1028 2593 Freuud.
1048 2534 1077 2593 in
1094 2532 1195 2595 Lexic.
1216 2536 1244 2595 lx.
1265 2535 1320 2614 a),
1346 2536 1388 2596 ita
1407 2540 1440 2595 ut
1459 2532 1533 2595 mul·

377 2648 473 2701 torum
495 2638 620 2696 virorum
647 2640 678 2695 et
697 2635 830 2695 doctrina
854 2642 884 2693 et
905 2635 1053 2710 judicandi
1074 2635 1210 2695 sedate
1231 2638 1382 2717 insignium
1404 2638 1535 2717 plausum

379 2740 495 2815 tulerit,
531 2738 604 2824 mihi,
625 2737 778 2797 dicendam
805 2740 862 2795 est.
905 2734 1031 2795 Primum
1055 2737 1104 2797 isti
1133 2739 1292 2819 scripturae
1313 2740 1480 2800 adversatur
1499 2739 1536 2797 li-

380 2845 498 2904 brorum
523 2860 593 2901 mss.
620 2859 640 2899 a
664 2840 749 2899 nobis
779 2838 931 2917 diligenter
960 2858 1145 2901 excussorum
1172 2842 1338 2901 auctoritas.
1381 2839 1476 2902 Acron
1505 2848 1537 2901 et

382 2946 541 3026 Porphyrio
566 2945 604 3003 de
630 2943 685 3002 hac
715 2941 829 3020 quidem
849 2961 882 3001 re
900 2947 1015 3019 tacent,
1048 2946 1081 3001 at
1101 2942 1261 3003 Scholiasta
1282 2946 1372 3023 Cruq.
1392 2944 1538 3003 adrasum

382 3052 587 3127 interpretatur
615 3049 840 3124 „praetensum
850 3045 873 3083 “
915 3044 1027 3105 Deinde
1059 3044 1136 3104 haud
1164 3046 1248 3105 facile
1272 3044 1416 3107 hominem
1444 3045 1539 3105 abra-

383 3170 521 3229 cumpro
537 3170 584 3226 eo,
605 3148 686 3224 cujus
700 3145 791 3204 barba
802 3146 907 3205 abrasa
920 3148 969 3224 sit,
992 3147 1106 3205 dixeris.
1148 3148 1229 3207 Idem
1243 3148 1369 3207 sensisse
1382 3146 1540 3228 ridetur‘)

385 3252 591 3313 Hochederae.
637 3248 798 3307 Adrudere
817 3250 908 3325 enim,
929 3248 978 3308 ubi
998 3267 1056 3308 nou
1078 3254 1123 3309 est
1143 3248 1244 3309 leviter
1264 3248 1423 3329 abradere,
1451 3252 1540 3329 signi-

386 3357 466 3432 ficat,
488 3353 569 3411 side
589 3352 703 3411 homine
724 3353 830 3430 agiu,
850 3354 913 3429 ejus
936 3349 981 3410 vel
1004 3349 1119 3411 barbam
1137 3351 1183 3411 vel
1201 3350 1320 3430 capillos
1340 3352 1385 3413 sel
1399 3352 1457 3411 tale
1471 3352 1540 3429 quid

387 3457 517 3517 radendo
543 3455 665 3513 auferre.
708 3455 752 3513 lta
777 3452 896 3517 Petron.
917 3452 969 3518 32.
996 3453 1144 3512 adrasum
1163 3452 1329 3512 ascham
1349 3462 1450 3532 caput.
1493 3454 1540 3511 Si-

388 3559 493 3619 militer
518 3554 681 3614 adtoudere
708 3556 785 3635 apud
807 3554 901 3614 Plaut.
929 3556 959 3615 iu
979 3555 1094 3634 Captis.
1116 3559 1155 3633 2,
1186 3559 1225 3633 2,
1256 3558 1307 3621 18.
1352 3554 1416 3616 Sed
1440 3566 1542 3615 esaum

389 3661 552 3719 mmm
571 3668 761 3715 adtonsurum
780 3656 883 3715 dicam
904 3676 964 3716 esse
972 3700 985 3729 ‚
1013 3678 1056 3716 an
1072 3678 1129 3737 pa
1145 3660 1294 3737 pactionem
1302 3700 1316 3730 ,
1342 3658 1471 3732 Nescio;
1493 3676 1543 3716 cur

391 3774 494 3821 tonsus
510 3760 597 3820 etiam
617 3759 728 3819 dicatur
748 3760 786 3817 de
805 3766 870 3820 toto
891 3761 1017 3838 homine,
1038 3760 1239 3842 inquaerere
1260 3780 1319 3821 non
1338 3759 1451 3818 attinet.
1493 3756 1542 3815 Vr-

391 3868 445 3926 des
464 3865 564 3943 igitur,
584 3862 735 3921 domm
754 3862 916 3934 atwnderi,
937 3862 1050 3922 adra&
1067 3864 1111 3946 (ru
1124 3862 1251 3923 Petronii
1264 3862 1328 3921 loco
1343 3870 1437 3939 caput
1448 3860 1543 3919 adra-

392 3986 480 4037 anus,
515 3966 582 4044 quia
609 3966 640 4024 iu
666 3982 693 4024 s.
716 3976 812 4043 caput
836 3965 917 4025 notio
942 3968 1031 4026 totius
1058 3968 1204 4045 cujusdam
1224 3962 1396 4044 praevalet),
1418 3960 1545 4021 barbam

393 4067 525 4138 abradi,
546 4066 617 4125 radi
635 4065 708 4126 Plu
729 4067 769 4128 11.
790 4067 831 4128 N.
851 4070 889 4145 6,
906 4070 958 4133 28.
1001 4068 1037 4126 Δ.
1053 4067 1137 4128 -Gell
1160 4066 1200 4146 4,
1222 4068 1273 4145 3.,
1287 4066 1405 4144 faciem
1421 4067 1545 4123 raritati

393 4172 475 4231 Suet.
497 4169 567 4229 Otlr.
585 4171 648 4247 12..
671 4180 777 4247 caput,
792 4179 915 4248 gustatu,
937 4172 1076 4229 vaticam
1093 4168 1165 4228 radi
1179 4170 1244 4229 Juv.
1260 4171 1292 4245 6,
1313 4170 1386 4234 105.
1411 4172 1462 4245 12,
1479 4170 1543 4244 81,

394 4271 488 4332 Plaut.
517 4269 621 4349 Amph.
646 4275 682 4348 1,
711 4275 747 4350 1,
776 4272 850 4335 306.
893 4271 957 4332 Lis.
980 4270 1040 4350 45,
1068 4269 1129 4349 44,
1157 4272 1208 4336 19.
1237 4270 1399 4349 supercilia
1406 4310 1419 4343 ,
1457 4268 1546 4329 labra

443 4575 461 4634 4
480 4494 511 4565 *)
524 4495 595 4549 Vide
609 4498 727 4566 ejusdem
742 4498 878 4568 „Offensa
890 4498 1110 4553 Sendschreibeu
1125 4514 1159 4552 an
1174 4496 1266 4552 Hercu
1282 4498 1337 4551 Tu.
1349 4496 1480 4553 Schmid“
1491 4506 1545 4551 etc.

397 4600 426 4653 p.
462 4619 470 4635 .
