3450 5334
343 502 407 569 312
457 503 741 567 COMMENTARII
760 506 804 565 IN
825 503 992 567 HORATII
1011 505 1086 567 LlB.
1101 500 1123 564 l.
1141 504 1265 567 EPIST.
1280 506 1394 573 SEXT.
1458 507 1501 575 44)

340 696 433 755 beret.
476 694 563 765 Quod
583 712 671 771 quum
691 712 749 752 non
767 693 905 752 vidissent
926 693 1034 770 aliquot
1050 697 1234 774 interpretes,
1256 699 1425 774 inquorum
1443 718 1498 757 nu-

338 818 419 858 mero
441 804 486 856 est
507 794 717 866 melundino,
737 794 888 854 Horatium
909 814 994 853 versu
1014 798 1066 861 20.
1088 798 1205 858 modum
1226 802 1369 876 quendam
1382 802 1498 861 divitem

339 900 395 959 cibi
421 901 540 977 parandi
562 918 681 959 uxorem
705 900 887 975 praecepisse
908 897 1036 957 arbitrati
1061 908 1136 959 sunt
1179 902 1293 961 Rursus
1315 905 1362 963 alii
1383 924 1499 965 versum

338 1005 391 1069 21.
411 1022 548 1082 perverso
569 1002 656 1059 modo
675 999 712 1058 ab
731 1001 918 1059 antecedente
937 1003 977 1060 ita
998 1000 1199 1079 distraxerunt,
1220 1011 1252 1062 ut
1273 1008 1302 1065 in
1322 1006 1378 1065 hoc
1394 1026 1499 1067 uorum

338 1106 484 1182 quoddam
505 1106 635 1165 viderent
655 1110 842 1183 praeceptum
863 1104 962 1161 datum
981 1109 1068 1179 atque
1090 1122 1153 1162 voc.
1176 1125 1250 1163 cura
1266 1108 1311 1165 vel
1328 1129 1401 1167 cave
1413 1110 1498 1170 intel-

336 1204 483 1283 ligendum
510 1209 704 1286 opinarentur.
748 1205 858 1263 Contra
885 1204 950 1263 illos
977 1205 1037 1282 jam
1065 1206 1219 1285 disputavit
1244 1208 1422 1270 Lambinus.
1465 1212 1499 1270 ln

337 1306 414 1366 aliud
436 1310 535 1369 vitium
553 1310 672 1367 incurrit
699 1309 890 1377 Torrentius,
923 1307 1029 1384 quippe
1053 1308 1101 1384 qui
1122 1327 1148 1364 v.
1168 1307 1209 1368 19
1223 1344 1265 1357 —
1279 1312 1330 1375 23.
1351 1313 1389 1370 ad
1409 1330 1498 1372 unum

339 1412 519 1489 eundemque
541 1412 702 1487 hominem,
738 1429 824 1487 quem
843 1429 898 1488 pro
924 1410 1068 1468 causidico
1089 1409 1229 1488 habebat,
1269 1414 1315 1471 cui
1335 1416 1498 1473 contrarius

337 1524 440 1570 mutua
461 1516 575 1591 quidam
598 1521 686 1591 atque
705 1512 826 1590 elinguis
844 1512 958 1589 positus
980 1518 1070 1588 esset,
1091 1515 1220 1573 referret.
1264 1515 1340 1575 Vidit
1360 1518 1447 1593 igitur
1467 1519 1498 1577 in

338 1633 423 1675 versu
443 1616 495 1681 20.
516 1615 633 1675 modurn
654 1617 796 1693 quendam
816 1632 936 1691 magnas
962 1617 1151 1692 componendi
1181 1637 1214 1675 ex
1237 1618 1403 1695 eloquentia
1424 1640 1497 1699 opes

338 1719 523 1797 descriptum.
566 1720 732 1776 Juvcnciuc
751 1718 847 1796 ipsum
863 1716 998 1793 intelligit
1017 1716 1193 1795 Numicium,
1218 1722 1266 1796 qui
1288 1720 1353 1778 lites
1371 1721 1499 1780 fortasse

337 1840 402 1878 cum
414 1820 511 1878 Mucio
530 1820 567 1878 de
588 1822 665 1899 agris
684 1840 738 1899 per
754 1820 850 1878 uxoris
865 1820 963 1877 dotem
980 1818 1071 1897 partis
1092 1818 1232 1882 habuerit.
1274 1820 1366 1881 Recte
1381 1823 1499 1901 quidem

336 1922 384 1979 nlii
407 1941 521 1980 versum
544 1922 595 1984 19.
616 1931 647 1982 et
667 1924 719 1989 20.
741 1922 862 1979 diversis
887 1920 1048 1981 attribuunt
1068 1925 1209 2000 personis,
1231 1924 1284 1985 sed
1304 1926 1389 1985 iidem
1410 1926 1439 1985 in
1459 1946 1497 1985 eo

336 2024 409 2104 lapsi
430 2025 580 2102 videntur,
603 2026 681 2103 quod
701 2024 845 2103 duplicem
864 2042 952 2099 opum
973 2025 1163 2100 parandarum
1184 2033 1213 2085 et
1235 2028 1396 2105 eloquentia
1416 2028 1497 2106 [cau-

337 2129 430 2205 sidici,
452 2146 528 2205 qnae
548 2128 594 2186 vel
615 2146 766 2186 causamm
786 2124 946 2185 actionibus
968 2124 1080 2184 divitias
1097 2130 1274 2206 peperisset,
1298 2130 1342 2190 vel
1363 2132 1437 2189 viam
1456 2134 1496 2193 ad

336 2230 461 2290 honores
488 2229 600 2290 lucrum
626 2232 765 2289 facientes
793 2228 962 2287 munivisset
989 2247 1016 2286 v.
1038 2227 1097 2305 19.]
1126 2237 1156 2289 et
1182 2231 1305 2309 negotiis
1332 2232 1497 2292 forensibus

336 2332 380 2410 [re
400 2333 574 2391 feneratoria
594 2351 621 2389 v.
634 2332 696 2409 20.]
717 2331 834 2391 modum
854 2328 1045 2406 significatum
1067 2334 1172 2411 opinati
1195 2341 1271 2397 sunt.
1313 2333 1346 2393 ln
1366 2334 1422 2393 hoc
1442 2356 1496 2395 nu·

335 2453 416 2494 mero
443 2432 593 2492 Orellium
618 2454 684 2495 esse
712 2434 810 2493 miror.
851 2428 893 2489 At
917 2428 1009 2489 Poeta
1029 2432 1113 2509 ponit
1131 2452 1158 2497 v.
1181 2434 1231 2499 19.
1251 2434 1410 2515 hominem,
1447 2440 1496 2515 qui

337 2555 394 2593 aaa
409 2536 528 2613 fruitur
538 2534 635 2611 sama
656 2536 714 2593 oris
737 2534 916 2611 eloquentis,
937 2553 1097 2611 quemque,
1124 2543 1157 2595 nt
1174 2538 1214 2595 ait
1231 2538 1289 2615 16,
1320 2536 1392 2617 57.,
1411 2560 1497 2599 omne

329 2637 435 2716 sorum
456 2645 571 2713 spectat
591 2646 621 2691 et
640 2654 726 2692 omne
744 2634 888 2698 tribund.
932 2636 982 2694 Sic
998 2636 1077 2713 Virg.
1100 2638 1155 2696 Ge.
1178 2642 1208 2713 2,
1230 2637 1302 2700 508.
1345 2640 1411 2697 Hic
1430 2650 1498 2697 stu-

329 2749 385 2814 pet
404 2740 550 2795 anonim
571 2738 701 2797 Rostris.
747 2737 841 2797 Tacit.
862 2736 937 2796 Dial.
960 2739 989 2800 6.
1018 2737 1101 2817 quod
1117 2740 1270 2817 gaudircm
1297 2742 1499 2820 consurgendi

334 2840 553 2919 armandique
572 2844 649 2899 inter
669 2851 798 2899 tacentes
819 2843 901 2899 etin
922 2862 1017 2900 anum
1039 2846 1211 2900 conversos!
1246 2844 1322 2901 coire
1344 2844 1496 2922 populum

336 2955 366 3001 et
383 2946 518 3021 accipere
537 2943 700 3025 affictum,
731 2965 948 3024 quemcumque
968 2952 1068 3001 orator
1089 2943 1240 3001 induerit!
1274 2947 1311 3003 nd
1332 2966 1418 3023 quem
1437 2946 1493 3007 loc.

335 3048 392 3106 vid.
414 3046 500 3106 Hess.
521 3066 551 3125 p.
572 3042 624 3109 34.
666 3046 753 3109 Hom.
776 3047 833 3105 Od.
856 3050 894 3123 8,
924 3048 997 3110 170.
1017 3048 1054 3105 de
1076 3046 1189 3105 homine
1214 3046 1380 3125 eloquente:
1411 3049 1442 3113 oi
1462 3050 1496 3115 di

334 3146 391 3221 τ’ἕς
413 3141 504 3212 αὐτὸν
529 3149 710 3231 Τερπόμὲνοι
730 3145 921 3213 λεύσσουσιν.
962 3146 1082 3207 Luciau.
1100 3148 1198 3207 Somn.
1222 3151 1272 3214 12.
1299 3147 1359 3213 cdv
1380 3174 1441 3214 που
1465 3176 1495 3213 τι

335 3249 432 3333 λέγων
452 3246 555 3336 τύχῃς,
577 3244 735 3330 κεχηνότες
756 3252 788 3314 ol
805 3249 911 3314 πολλοὶ
933 3242 1128 3321 cinctionem,
1150 3243 1357 3328 θαυμάζοντες
1374 3251 1425 3314 nal
1440 3244 1495 3314 erl·

335 3348 560 3429 δαιμονίζοντὲς
581 3371 614 3415 σε
634 3356 696 3415 τοῖν
710 3346 809 3435 λόγων
824 3358 879 3433 τῆς
894 3347 1063 3432 δυνάμεως.
1108 3351 1179 3409 Inde
1195 3350 1278 3409 mille
1300 3353 1393 3425 oculi,
1414 3357 1494 3432 quod

334 3456 475 3532 παχυλῶς
502 3452 609 3514 dictum
634 3454 758 3515 illustrat
787 3457 868 3515 Cort.
897 3456 935 3514 ad
954 3454 1064 3515 Lucan.
1084 3454 1123 3530 3,
1158 3452 1230 3516 689.
1274 3453 1340 3513 Huc
1369 3456 1494 3534 quodam

334 3556 422 3613 modo
442 3555 528 3632 facit,
561 3556 640 3632 quod
659 3556 784 3617 Romani
798 3561 920 3636 juvenes
942 3565 972 3617 et
995 3556 1166 3617 declamare
1183 3561 1214 3614 et
1233 3554 1373 3635 linguam
1394 3559 1494 3615 causas

334 3674 441 3714 acuere
459 3655 555 3735 Epist.
576 3659 611 3734 1,
640 3660 678 3736 2,
707 3661 736 3722 2.
756 3658 794 3736 3,
816 3660 867 3726 23.
890 3661 1031 3719 dicuntur.
1074 3659 1121 3718 Cf.
1141 3657 1240 3717 Klotz.
1261 3658 1299 3715 ad
1321 3658 1382 3717 Cic.
1403 3658 1493 3718 Tusc.

336 3759 367 3836 6,
387 3758 441 3835 36,
464 3758 536 3822 103.
580 3759 692 3818 Grauff.
713 3762 751 3820 ad
769 3761 888 3822 Lucian.
909 3762 1008 3821 Somn-
1028 3763 1078 3824 11.
1100 3780 1129 3839 p.
1148 3760 1221 3826 215.
1264 3760 1369 3836 Neque
1389 3760 1493 3819 absur-

335 3861 404 3919 dum
423 3862 599 3939 putaverim,
627 3864 749 3940 siquis,
771 3870 803 3923 nt
824 3863 1017 3943 Brieglebino
1026 3905 1038 3933 ‚
1063 3862 1140 3921 hunc
1162 3880 1276 3919 versum
1296 3882 1354 3921 non
1374 3864 1410 3921 ad
1432 3864 1493 3923 elo-

335 3964 481 4039 quentiam
499 3972 615 4043 putaret
631 3967 824 4043 referendum,
845 3970 898 4025 sed
918 3968 979 4045 „ad
994 3967 1203 4041 auctoritatem,
1224 3966 1349 4042 spectari
1363 3984 1380 4023 a
1394 3965 1492 4043 vulgo,

336 4064 385 4122 ubi
405 4064 565 4143 loquaris.“
606 4068 655 4128 Sic
675 4068 807 4128 adulator
826 4068 874 4128 ille
895 4088 942 4149 ap.
958 4068 1105 4146 Theophr.
1120 4067 1207 4125 Char.
1225 4070 1254 4133 2.
1270 4065 1351 4145 (ibiq.
1365 4067 1490 4127 Casaub.

334 4189 365 4246 p·
388 4167 467 4248 28.):
489 4162 629 4255 Ἐνθυμῇ
651 4168 693 4245 ὥς
713 4163 921 4251 ἆποβλέπουσι
941 4166 1019 4252 uode
1040 4166 1073 4233 ol
1093 4169 1126 4231 oi
1143 4166 1320 4249 ἅνθρωποι,
1344 4203 1380 4214 -
1405 4163 1492 4232 ealdo-

132 4276 136 4284 ’
236 4297 242 4319 =
334 4270 431 4349 κὶμεις
456 4268 530 4350 χθὲς
558 4270 873 4358 turparem—V·
897 4276 948 4339 20.
980 4270 1378 4333 (inconsonantiam
1396 4290 1492 4347 neque

335 4371 507 4451 causidicus,
530 4382 563 4434 nt
582 4376 735 4454 opinantur
752 4375 937 4435 Samdonur
950 4381 980 4435 et
994 4372 1186 4453 Dorighello,
1208 4392 1302 4451 neque
1322 4374 1493 4453 competitor

334 4473 450 4549 quidam
469 4474 655 4554 ambitiosus,
686 4485 720 4537 ut
743 4479 805 4539 vult
827 4478 997 4548 Deseritis,
1018 4484 1068 4536 aut
1088 4478 1250 4551 fenerator,
1273 4478 1326 4536 sed
1348 4478 1373 4535 is
1392 4476 1492 4554 homo,

335 4576 385 4654 qui
403 4595 457 4656 per
476 4585 570 4638 totum
587 4580 664 4639 diem
679 4582 810 4657 quaestui
831 4582 861 4641 in
874 4583 938 4640 toro
953 4580 1004 4639 dat
1019 4597 1137 4659 operam
1151 4580 1288 4641 eximiam.
1332 4578 1401 4637 Plus
1415 4578 1493 4637 scire
