3450 5334
302 481 592 544 commun.
612 483 653 540 IN
667 479 832 540 Horam
851 479 980 540 EPIST.
1004 480 1113 540 aaut.
1132 479 1209 539 bnt.
1230 482 1254 540 l.
1319 473 1361 540 73

204 653 392 734 senibusque,
409 649 489 711 nihil
505 648 588 710 aliud
603 652 670 710 walt
684 651 744 710 nisi
757 647 834 708 boot
852 669 960 710 omnes
974 650 1038 706 sere
1055 648 1135 706 cives
1149 668 1274 728 operam
1288 645 1361 706 dare

205 756 340 835 quaestui
356 756 531 834 pecuniario
549 763 579 812 et
595 750 665 812 ideo
681 753 759 810 ferre
776 771 881 812 sacrun
897 753 1015 811 loculos
1030 760 1061 808 et
1077 751 1230 826 tabulam,
1253 770 1362 808 neces-

204 857 278 914 sasia
293 853 333 914 ad
350 873 419 912 eam
434 873 500 913 rem
512 855 720 914 iustrumenta.
763 856 833 915 Jur.
855 854 892 928 9,
910 849 963 916 41.
1005 853 1101 912 Tacte
1115 854 1210 930 igitur
1224 864 1362 912 tanturn-

205 955 293 1015 modo
314 967 528 1035 comparantur
548 954 689 1016 homiues
709 967 806 1016 aetate
831 953 935 1013 adulta
957 974 1028 1012 cum
1045 956 1147 1034 pueris
1167 956 1231 1014 illis
1253 954 1362 1013 eadem

205 1062 401 1118 instrumenta
415 1053 605 1116 arithmetica
621 1058 660 1118 ad
675 1055 856 1118 numerandi
875 1067 971 1116 artem
986 1055 1180 1116 ediscendam
1195 1078 1301 1118 secum
1312 1057 1361 1114 fe-

207 1161 351 1235 rentibus,
370 1179 431 1240 qua
448 1157 573 1238 quidem
589 1181 621 1220 re
640 1162 796 1220 observata
813 1171 895 1219 totus
908 1162 1085 1240 perelegans
1108 1165 1193 1222 locus
1206 1163 1269 1219 sale
1282 1178 1362 1238 qno-

206 1262 273 1321 dsm
286 1265 419 1320 cernitur
433 1281 622 1342 conspersus.
663 1264 755 1322 Pueri
768 1265 850 1321 enim
863 1265 990 1321 illinon
1007 1263 1164 1323 liberalem
1178 1275 1284 1338 artem,
1306 1261 1361 1321 sed

207 1375 297 1422 artem
312 1360 579 1422 subducendorum
597 1367 783 1426 calculorum
798 1384 837 1424 ex
859 1367 983 1444 ingenio
1000 1369 1113 1425 saeculi
1128 1369 1292 1426 utilitatem
1305 1384 1361 1443 pro

207 1469 326 1524 cremina
344 1463 484 1524 babentia
500 1465 711 1526 edocebantur.
754 1466 800 1524 De
818 1469 947 1546 singulis
962 1466 1024 1525 vid.
1042 1466 1152 1526 Heind.
1174 1478 1205 1526 et
1217 1469 1360 1545 Doering,

207 1567 243 1626 ed
258 1569 324 1627 Sat.
345 1570 373 1643 1,
389 1568 419 1642 6,
433 1565 485 1631 74.
511 1579 541 1626 et
554 1571 683 1648 interpp.
704 1565 743 1625 ad
761 1569 797 1626 Α.
812 1569 846 1626 Ρ.
860 1569 933 1631 325.
976 1571 1060 1629 Scito
1084 1581 1203 1645 autem,
1221 1567 1362 1628 homiues

206 1672 272 1730 illos
286 1673 319 1728 iu
335 1672 414 1730 Jauo
424 1680 578 1730 versantes
592 1668 733 1729 habuisse
748 1680 800 1727 aut
814 1669 953 1728 tabulam
965 1674 1191 1732 calculatoriam
1205 1683 1235 1730 et
1247 1669 1363 1729 loculos

207 1775 327 1832 calculis
348 1772 491 1847 refertos,
518 1784 552 1832 ut
571 1776 604 1831 in
627 1775 719 1832 abaco
746 1774 878 1832 rationes
901 1776 1038 1832 celeriter
1061 1774 1206 1854 expedire
1226 1783 1360 1854 possent,

206 1885 268 1950 aut,
287 1879 451 1956 interprete
467 1873 637 1936 Scholiasta
659 1875 799 1955 Cruquii,
820 1877 952 1947 juvenca
958 1876 1062 1954 serrari
1076 1897 1198 1955 operam
1214 1877 1362 1935 demeret

199 1979 384 2057 feneratores
396 1979 431 2034 iu
444 1978 560 2036 lamam
573 1979 720 2036 irstrantea
739 1977 944 2054 intelligente,
965 1975 1088 2036 tubulus
1109 1979 1154 2036 ad
1173 1978 1363 2035 exarandum

205 2082 326 2138 ιιοιηίηα
341 2090 371 2137 et
381 2078 495 2138 loculos
507 2079 552 2138 ad
559 2080 652 2157 senua
668 2077 889 2157 accipiendum.
936 2075 1123 2139 scholiastae
1137 2081 1361 2159 interpretatio-

205 2203 272 2241 nem
288 2185 355 2260 jura
375 2183 524 2262 improbat
542 2183 726 2242 Schuaa'diua.
771 2185 815 2239 Ne
835 2182 904 2261 quis
925 2183 1051 2260 repetito
1069 2203 1160 2242 versu
1181 2180 1361 2254 offendatur,

204 2289 248 2344 uti
260 2283 323 2347 bl.
338 2287 453 2346 factum
471 2284 626 2360 videmus,
648 2283 815 2344 tenendum
830 2293 892 2359 est,
916 2295 1033 2343 veteres
1049 2291 1154 2365 politas
1169 2304 1241 2344 suos
1255 2303 1361 2342 versus

205 2400 339 2469 repetere
354 2409 416 2448 nou
431 2387 601 2462 dubitasse;
620 2387 683 2446 vid.
704 2387 767 2446 Sat.
789 2391 826 2460 1,
845 2388 882 2462 2,
902 2387 952 2450 18.
971 2399 1001 2448 et
1019 2392 1056 2448 A.
1074 2391 1109 2446 P.
1127 2386 1220 2463 421„
1246 2387 1310 2446 sar.
1332 2389 1361 2460 1,

204 2496 233 2568 2,
246 2495 299 2555 27.
317 2502 348 2550 et
364 2493 392 2568 1,
411 2489 441 2567 4,
464 2495 525 2567 92,
546 2490 621 2549 lbid.
638 2493 674 2564 2,
688 2492 727 2565 8,
752 2490 823 2553 168.
840 2499 871 2548 et
884 2491 983 2571 Epist.
1002 2493 1085 2568 1,6,
1097 2491 1149 2554 28.
1191 2488 1248 2550 0d.
1265 2493 1293 2564 1,
1312 2491 1362 2564 19,

207 2597 235 2657 1.
253 2605 282 2654 et
298 2593 330 2669 4,
350 2596 379 2670 1,
395 2593 424 2657 5.
468 2596 539 2654 Alia
555 2596 697 2674 exempla
718 2594 906 2672 collegerunt
925 2591 1056 2654 Jahnius
1076 2593 1116 2652 ad
1130 2596 1236 2673 Virgil.
1259 2593 1312 2651 Ge.
1330 2595 1362 2668 2,

207 2699 275 2760 129·
299 2707 331 2756 et
344 2699 421 2754 Aen.
436 2697 473 2772 3,
489 2695 542 2760 48.
584 2699 703 2776 Forbig.
719 2696 758 2755 ad
777 2699 896 2754 Lucret.
920 2698 955 2771 1,
973 2697 1040 2773 57„
1066 2695 1210 2755 Wernsd.
1225 2694 1265 2754 ad
1276 2697 1361 2754 Poet-

205 2801 269 2858 Lat.
283 2801 359 2856 suin.
375 2803 412 2856 ll.
427 2820 457 2880 p.
472 2801 533 2875 25,
547 2802 667 2862 Jacobs.
685 2803 716 2858 in
726 2801 842 2857 batein.
853 2800 1008 2856 Blumeul.
1022 2802 1061 2856 ΙΙ.
1073 2820 1105 2878 p.
1120 2799 1210 2871 267„
1232 2794 1361 2857 Valkeu.

205 2901 242 2960 ad
256 2903 362 2981 Eurip.
378 2904 499 2981 Hippol.
517 2901 589 2966 435.
612 2903 699 2978 885„
718 2905 870 2962 Wiistem.
885 2900 924 2960 ad
939 2899 1070 2960 Theocr.
1087 2903 1122 2977 1,
1143 2901 1194 2963 13.
1210 2902 1247 2974 3,
1265 2903 1315 2962 20.
1332 2911 1363 2958 et

205 3007 240 3062 ll.
255 3007 292 3062 L.
308 3002 347 3062 de
361 3001 503 3062 Leutscb.
519 3008 551 3062 in
564 3007 642 3065 Mus.
657 3005 753 3066 Rben.
778 3001 870 3069 1834.
886 3005 960 3062 fasc.
975 3003 1005 3065 3.
1019 3024 1050 3082 p.
1065 3004 1155 3076 362,
1176 3002 1231 3082 qui
1244 3021 1260 3057 e
1277 3003 1362 3059 Lati-

206 3111 251 3167 uis
267 3109 379 3166 Catull.
393 3109 452 3182 21,
471 3111 501 3171 2.
516 3104 574 3182 24,
594 3110 625 3169 2.
641 3118 670 3166 et
684 3107 736 3185 23,
757 3108 784 3170 1.
802 3104 861 3182 24,
880 3105 911 3168 5:
934 3105 1049 3163 confert
1062 3101 1190 3162 laudans
1208 3102 1359 3182 Wafflrer.

207 3208 243 3268 ad
257 3211 343 3289 Vir-g.
361 3211 438 3267 Aen.
456 3211 505 3285 10,
524 3211 597 3274 871.

289 3314 326 3372 V.
341 3307 478 3373 57-69.
521 3311 716 3370 Eetoniruua
728 3343 771 3356 -
786 3308 879 3369 Plebs
900 3312 967 3368 eris.
1013 3310 1054 3368 Ut
1073 3309 1106 3366 in
1128 3305 1249 3384 ordine,
1272 3309 1363 3366 sicin

206 3417 270 3494 ipsa
283 3411 396 3472 borum
415 3433 557 3472 versuum
580 3414 781 3494 explicatione
803 3416 1039 3492 tergiversantur
1053 3411 1239 3490 interpretes.
1281 3411 1363 3468 Male

206 3519 304 3598 praeit
318 3515 488 3576 Scholiasta
501 3516 637 3596 Cmquii,
661 3517 714 3598 qui
726 3516 815 3575 verba
835 3513 899 3571 Sed
914 3512 1023 3593 qrmdr.
1042 3547 1087 3560 -
1102 3513 1165 3572 der.
1187 3533 1277 3572 avaro
1295 3532 1364 3570 am-

206 3619 331 3694 bitioso,
355 3618 414 3676 Est
432 3638 486 3676 on.
502 3651 546 3662 —
566 3621 690 3678 Horatio
710 3627 741 3675 et
764 3661 783 3692 „
793 3614 886 3674 Plebs
909 3617 993 3673 ενιέιι
1018 3614 1118 3674 eidem
1139 3635 1230 3676 asaro
1247 3618 1360 3674 tribuit.

213 3722 364 3802 &require
384 3731 415 3778 et
427 3721 490 3778 Fra
512 3732 542 3780 et
562 3724 675 3780 mirum
692 3753 736 3765 -
754 3729 788 3776 ut
808 3738 881 3778 suae
899 3719 1027 3800 quisque
1048 3721 1212 3797 scripturae
1226 3718 1363 3777 ordinem

205 3823 327 3904 probet,
352 3818 427 3882 haee
449 3825 610 3902 opinantur
630 3823 720 3882 rerba
741 3823 897 3883 Janiesse
916 3819 1178 3902 adquaerendam
1201 3822 1363 3900 pecuniam

207 3937 274 3986 ante
302 3927 448 3984 virtutem
470 3929 642 4002 incitantis3
674 3925 758 3984 idam
781 3925 875 3983 sentit
895 3924 1031 3998 Daruus,
1060 3935 1211 4003 quantum
1237 3942 1277 3980 ex
1298 3923 1363 3999 ejus

207 4013 429 4108 elegantissima
449 4029 644 4088 translatione
661 4028 806 4105 conjicere
822 4028 910 4085 liaett
940 4027 1054 4085 Jeuuaa
1071 4045 1145 4105 gena
1165 4035 1196 4083 et
1209 4024 1364 4084 vieillards

205 4157 238 4194 se
255 4135 394 4215 repetent
409 4142 591 4190 entre-eux:
610 4133 692 4192 Vous
704 4127 768 4190 itas
783 4129 887 4210 probe,
908 4146 991 4206 saga,
1004 4128 1157 4208 eloquent,
1172 4145 1363 4205 courageux;

205 4240 385 4318 n'importe,
417 4235 458 4294 du
475 4235 568 4294 Senot
586 4235 712 4294 Roscius
733 4251 809 4292 vous
831 4232 952 4307 rejatte,
974 4233 1056 4290 Vous
1074 4225 1138 4288 eser
1152 4227 1312 4304 Plebejen,
1336 4232 1363 4288 si

207 4339 280 4398 dans
292 4349 379 4398 votre
396 4347 541 4412 cassette,
560 4339 643 4398 Vous
660 4355 699 4394 ne
716 4353 834 4415 pousez
852 4342 988 4412 compter
1003 4334 1165 4412 cinquante
1179 4332 1265 4388 mille
1282 4331 1363 4391 ecus.

207 4445 253 4501 Ex
272 4452 377 4501 mente
398 4449 500 4498 autem
527 4439 696 4514 Torrentii,
729 4437 909 4515 scripturam
930 4433 986 4492 sed
1001 4452 1031 4493 v.
1052 4433 1103 4496 57.
1132 4432 1364 4512 comprobantis,

207 4541 281 4604 baec
296 4553 370 4605 sunt
385 4542 476 4601 rerba
489 4543 635 4622 pecuniae
649 4538 786 4602 studium
798 4537 987 4613 examentis,
1003 4536 1059 4616 qui
1073 4535 1157 4613 „Gur
1168 4537 1241 4613 ni,“
1255 4537 1364 4619 inquit,
