3450 5334
336 473 399 538 lm
438 475 720 538 comtENTAml
740 476 781 534 tu
797 473 966 532 flottam
982 471 1114 532 uulsi.
1128 469 1237 530 utum
1256 471 1334 530 Lm.
1352 473 1378 529 1.

336 658 367 706 et
379 647 464 706 Suet.
479 647 545 707 Jul.
558 645 645 703 Caes.
659 640 712 709 46.
733 645 774 704 At
786 643 896 702 rectius
908 641 1031 714 feeerit,
1053 642 1105 720 qui
1119 635 1194 696 haec
1207 640 1299 697 verba
1312 639 1416 700 addita
1427 661 1494 700 cre-

336 747 389 808 dat
401 749 452 809 rel
469 751 512 807 rei
529 743 685 825 augendae
701 765 802 822 eausa,
822 745 874 804 rei
887 764 928 802 ex
940 743 1123 825 proverbiali
1136 739 1268 822 quadam
1281 743 1445 818 locutione,
1459 754 1495 801 nt

333 871 389 926 ea,
411 869 488 931 quae
507 857 684 930 sequuntur.
726 847 835 908 Seneo.
852 847 951 927 Epist.
967 843 1019 910 88.
1039 841 1077 902 de
1089 847 1272 924 geometria:
1298 845 1327 904 0
1342 829 1495 927 effigiem

335 963 450 1012 mern:
465 953 524 1010 rci's
530 948 660 1008 tamuda
668 948 1013 1028 mammaeam
1022 946 1134 1028 redigis
1141 969 1362 1028 quanicmuque
1371 967 1495 1026 accepe-

336 1057 533 1134 naJormam.
568 1053 631 1111 cto.
647 1049 685 1111 de
698 1055 766 1111 Fiu.
787 1055 825 1128 2,
841 1054 899 1126 12,
917 1049 969 1114 36.
1001 1049 1086 1128 Quid
1086 1051 1234 1125 judicant
1245 1052 1373 1110 umus?
1393 1051 1496 1119 dulae,

335 1154 501 1218 ansonem?
520 1188 564 1200 -
582 1153 780 1238 quadratum,
801 1154 975 1214 rotundum.
1426 1178 1432 1188 ·

420 1259 457 1320 V.
477 1258 550 1322 101.
592 1255 732 1316 Imaum
747 1287 785 1302 -
802 1257 893 1316 rua..
937 1258 1026 1315 Errat
1044 1255 1209 1333 carquita,
1223 1253 1306 1335 quod
1319 1251 1398 1312 hano
1411 1257 1496 1314 insa-

337 1361 420 1418 niam
434 1358 474 1418 ad
486 1355 664 1416 iracundum
680 1358 797 1417 Horatii
813 1361 951 1416 anianum
967 1359 1075 1432 refert,
1099 1368 1199 1416 emat
1217 1377 1357 1440 quoque,
1377 1360 1430 1439 qui
1446 1357 1496 1418 his

337 1462 436 1520 verbis
451 1461 581 1540 ineptias
595 1458 742 1541 quasdam
757 1463 874 1520 Horatii
889 1463 1024 1541 proprias
1039 1461 1201 1540 significari
1213 1461 1321 1519 volunt
1337 1455 1387 1542 (ut
1405 1463 1496 1519 Wie-

337 1560 438 1637 land,
459 1563 499 1620 of.
513 1581 603 1641 snpra
616 1561 790 1642 Lambin.),
817 1565 911 1622 immo
925 1564 1059 1620 ananim
1072 1561 1229 1620 ooilemma
1241 1573 1302 1620 est:
1320 1584 1403 1622 more
1417 1566 1496 1624 alio-

338 1685 421 1740 rum,
444 1675 479 1724 ut
498 1683 568 1722 oum
588 1662 690 1725 Schol.
705 1667 775 1724 Aer.
794 1677 825 1724 et
840 1665 931 1745 Crnq.
955 1664 1031 1722 bene
1050 1664 1116 1741 jam
1135 1662 1212 1722 vidit
1230 1665 1391 1724 Turnebus
1406 1664 1496 1746 (Adv.

339 1767 398 1843 30,
411 1765 457 1848 3.)
481 1765 610 1827 laudans
627 1769 733 1828 Seneo.
754 1770 851 1847 Epist.
877 1768 948 1830 122.
974 1763 1097 1822 Nolunt
1111 1763 1200 1823 solim
1217 1787 1361 1844 peceare,
1386 1766 1497 1846 quibus

335 1867 484 1946 peccandi
492 1873 663 1948 praemium
674 1869 804 1948 infirmia
816 1880 868 1926 est.
914 1871 1002 1926 Hunc
1014 1887 1081 1926 voc.
1094 1866 1245 1925 sollemnis
1257 1889 1346 1928 usum
1357 1871 1498 1950 pluribus

339 1971 502 2028 illustravit
520 1974 658 2031 Perizon.
675 1970 714 2030 ad
735 1972 838 2030 Sana.
853 1973 930 2027 Min.
953 1971 992 2032 11.
1013 1990 1044 2048 p·
1059 1969 1121 2031 558
1134 1990 1201 2051 sqq.
1223 1981 1253 2030 et
1269 1974 1409 2032 Horatius
1423 1992 1497 2030 suae

338 2073 403 2152 ipse
420 2075 462 2131 rei
476 2075 622 2154 interpres
638 2085 682 2133 est
697 2075 759 2132 Sat.
775 2077 806 2148 2,
823 2072 854 2148 3,
870 2075 941 2137 120.
966 2072 1124 2129 Nisuirum
1137 2075 1263 2132 umatum
1271 2076 1382 2153 paucis
1392 2073 1498 2132 videa-

339 2187 389 2233 tur
403 2195 434 2233 eo
447 2175 530 2258 quod
542 2178 684 2235 Maxima
696 2197 773 2254 pure
786 2175 947 2256 ltortu'mmt¹
954 2172 1056 2236 morbo
1061 2179 1204 2248 jactatur
1217 2177 1327 2235 eodem.
1360 2179 1498 2236 Imanire

339 2288 459 2353 autem,
483 2289 518 2336 ut
533 2276 591 2336 hoo
607 2279 673 2358 ipso
689 2279 754 2336 Sat.
769 2280 851 2352 loco,
881 2275 1097 2357 explicandum
1120 2298 1159 2335 ex
1179 2281 1298 2359 placitis
1316 2281 1498 2354 Stoicorum,

339 2382 449 2468 quibus
463 2381 590 2464 praeivit
606 2381 743 2438 Socrates
763 2381 812 2460 ap'.
828 2377 969 2460 Xenoph.
982 2381 1075 2437 Mem.
1090 2381 1121 2451 3,
1139 2381 1170 2457 9,
1185 2384 1206 2444 6
1224 2402 1308 2464 sqq.,
1329 2383 1414 2442 Stob.
1432 2383 1497 2444 Bal.

339 2483 376 2558 2,
401 2483 432 2548 7.
459 2503 490 2570 p.
514 2481 586 2552 124.
620 2478 688 2544 Ἔτι
713 2478 746 2544 di
766 2477 886 2562 λέγουσι
908 2478 1044 2562 (Stoici)
1068 2475 1168 2544 πάντα
1188 2490 1312 2562 φαῦλον
1335 2487 1499 2565 μαίνεσθαι

339 2579 467 2674 ἄγνοιαν
482 2583 586 2664 ἔχοντα
604 2581 700 2646 αὑτοῦ
715 2581 839 2644 καὶτῶν
855 2577 929 2646 καθ’
943 2580 1052 2664 odida,
1074 2579 1149 2666 ὅπερ
1166 2585 1227 2648 ἐστὶ
1240 2587 1334 2668 μανία
1349 2596 1379 2645 et
1395 2589 1498 2646 Cicero

340 2687 434 2745 Tusa.
451 2684 487 2762 3,
514 2685 545 2750 4.
568 2689 703 2744 omnium
723 2687 930 2764 insipientium
943 2687 1040 2744 aninsi
1054 2688 1088 2744 in
1112 2687 1213 2747 morbo
1226 2699 1310 2760 ount;
1342 2709 1500 2770 omnesque

340 2789 512 2866 imipt'eutee
523 2789 618 2868 igitur
637 2790 804 2847 imuniunt.
853 2789 1023 2846 Sanitatem
1042 2791 1122 2846 enim
1135 2794 1306 2849 ariimormu
1323 2795 1455 2869 positam
1466 2795 1500 2850 io

341 2891 561 2971 tranquillitate
583 2891 717 2970 quadam
742 2894 969 2969 constantiaque
988 2891 1164 2966 comebant;
1195 2893 1243 2951 lut
1265 2893 1355 2952 rebus
1374 2905 1501 2954 mutem

340 3015 471 3053 vacuam
485 2991 680 3074 appellarunt
694 2995 856 3052 insaniam.
904 2993 950 3051 cf.
964 2993 1038 3052 ibid.
1051 2993 1081 3070 4,
1100 2996 1168 3071 13,
1192 2994 1302 3053 Parad.
1318 2992 1364 3073 4.,
1390 2999 1457 3058 uin.
1469 2995 1500 3072 1,

340 3099 408 3171 27.,
435 3097 543 3156 Seneo.
558 3097 655 3178 Epist.
669 3097 720 3166 72.
733 3142 741 3172 ,
761 3093 931 3156 Weichert.
946 3096 986 3155 ad
998 3097 1062 3157 Sat.
1081 3100 1108 3172 1,
1122 3099 1153 3173 3,
1166 3101 1218 3164 82.
1231 3100 1264 3155 in
1277 3100 1373 3156 Leott.
1388 3101 1498 3166 Venus.

340 3201 379 3260 11.
393 3219 423 3278 p.
432 3197 484 3266 23.
501 3209 530 3258 et
539 3211 681 3259 annotata
696 3199 735 3257 ad
747 3195 953 3262 v.4'1.42—
964 3199 1077 3271 Quodsi
1091 3199 1194 3260 Schol.
1205 3201 1331 3282 Cruqnii
1342 3200 1502 3261 sollemma

343 3301 477 3380 explicat
489 3302 681 3375 sollemniter,
696 3303 823 3362 fortasse
839 3300 878 3359 ad
891 3303 1075 3360 Graecorum
1089 3323 1179 3361 nsum
1194 3308 1342 3385 respexit,
1357 3316 1392 3363 ut
1407 3305 1499 3372 Pind.

341 3405 426 3463 Nem.
436 3400 466 3478 4,
480 3403 533 3465 39.
547 3399 687 3486 φθονεροὶ
699 3403 829 3486 βλέπειν,
844 3423 936 3486 quem
950 3406 1060 3462 imitati
1073 3415 1144 3472 suut
1157 3407 1267 3482 Latini,
1281 3405 1455 3474 vid.Burm.
1461 3407 1499 3467 ad

340 3506 558 3579 Val.Fleco.2‚
576 3503 658 3582 154,
671 3505 809 3566 Oudend.
820 3505 857 3564 ad
867 3507 958 3585 Apul.
969 3509 1043 3564 Met.
1054 3509 1088 3566 V.
1102 3507 1229 3587 p.358.‚
1246 3511 1360 3588 Wagu.
1369 3509 1408 3569 ad
1417 3513 1498 3590 Virg.

342 3608 398 3666 Ge.
407 3606 437 3682 3,
447 3606 520 3671 500.
534 3607 897 3683 Aen.3,56.et1iudd.11.
908 3631 940 3690 p.
952 3612 1022 3675 159.
1036 3613 1111 3670 Volo
1120 3609 1263 3689 equidem
1277 3612 1369 3669 aliam
1378 3615 1501 3692 linguae

342 3711 490 3768 rationem
504 3711 600 3790 sequi,
619 3731 678 3791 qua
691 3714 836 3772 neutralis
851 3713 1011 3770 verborum
1027 3715 1174 3792 imprimis
1191 3711 1334 3771 affectum
1349 3715 1501 3796 quendam

341 3811 577 3891 significantium
593 3813 639 3872 vis
653 3824 841 3894 permutatur
855 3817 905 3872 vel
919 3817 1110 3895 conjungitur
1123 3835 1191 3872 oum
1204 3818 1317 3892 activa,
1341 3829 1376 3876 ut
1389 3820 1454 3878 Sat.
1468 3822 1501 3896 2,

342 3912 373 3986 3,
388 3911 440 3975 63.
469 3913 606 3972 Similem
621 3936 746 3974 errorem
760 3919 902 3975 insanire.
928 3920 1018 3998 Prop.
1033 3921 1071 3994 2,
1089 3917 1148 3992 25,
1162 3916 1214 3980 25.
1236 3920 1352 3977 naama
1371 3943 1497 3980 autores.

343 4013 451 4074 Seuec.
465 4014 503 4074 de
522 4017 580 4078 Vit.
597 4019 626 4076 b.
648 4021 698 4082 12.
724 4019 853 4076 hilarem
866 4020 1020 4078 iizsmuam
1033 4022 1174 4078 immite.
1221 4024 1272 4081 Sic
1289 4023 1396 4082 Graeci
1411 4043 1502 4082 usur-

342 4128 417 4195 pant
430 4115 652 4198 ἒπιμαίνεσθαι,
669 4119 835 4201 Spanhem.
854 4120 894 4179 ad
908 4123 1027 4179 Callian.
1040 4126 1153 4203 Hymn.
1175 4125 1205 4180 iu
1222 4125 1321 4183 cerer.
1338 4126 1392 4192 30.
1437 4129 1503 4186 Huo

344 4219 473 4297 pertinet
488 4223 525 4294 2,
550 4218 601 4285 14.
630 4224 785 4303 Quicquid
794 4223 927 4282 delc'root
938 4259 991 4283 -.
1035 4225 1110 4286 Vide
1124 4247 1200 4308 quos
1219 4225 1346 4285 laudant
1358 4227 1499 4286 Hmohk.

344 4323 376 4382 in
393 4323 482 4380 Anat.
497 4325 574 4384 oritt.
592 4347 622 4406 p.
637 4327 706 4402 28.,
730 4331 854 4386 Peneon.
876 4325 916 4385 ad
929 4328 1013 4386 Pers.
1028 4349 1060 4408 p.
1075 4330 1167 4405 356„
1191 4332 1328 4390 Perizon.
1344 4329 1384 4388 ad
1399 4331 1503 4394 Senot.

345 4427 419 4494 Min,
432 4431 456 4484 l.
472 4450 502 4514 p.
518 4427 580 4492 415
598 4447 654 4508 sq,
684 4429 794 4487 Stattt.
817 4431 855 4487 ad
873 4429 972 4489 Rndd.
985 4434 1024 4488 11.
1037 4451 1069 4510 p.
1085 4432 1157 4494 161.

429 4529 462 4598 V.
480 4529 620 4600 102-3.
665 4531 731 4596 Nec·
747 4533 856 4600 uiedui
869 4567 911 4576 —
926 4531 1001 4591 dati.
1047 4535 1087 4593 Ut
1100 4535 1164 4593 Sat.
1178 4537 1214 4610 2,
1228 4536 1266 4611 3,
1286 4537 1441 4610 53-62,,
1462 4537 1505 4598 ita
