3450 5334
480 1819 1143 1941 COMMENTARII

796 2063 838 2117 IN

235 2233 470 2310 nouauit
505 2239 655 2313 lalllltl
692 2243 720 2313 Ι.
772 2236 1093 2315 urlsronalr
1126 2237 1392 2313 nuntiant

708 2518 916 2526 *ou——

237 2700 346 2806 Quum
366 2738 499 2801 Tiberina
514 2739 638 2821 Augusti
656 2747 788 2827 auspiciis
807 2747 932 2807 exercitu
949 2739 1171 2819 profidnoeretur
1190 2740 1221 2797 in
1236 2739 1394 2822 oreotm,

237 2837 392 2920 Tigranem
404 2843 434 2902 in
446 2861 566 2921 regnum
579 2844 732 2909 Armeniae
745 2849 937 2921 deducturua,
951 2842 1058 2901 multos
1073 2859 1169 2900 aerum
1182 2841 1264 2900 duxit
1277 2845 1395 2904 comiter

237 2959 288 3000 aea
302 2944 455 3004 amicorum
467 2944 628 3024 cohortem,
647 2949 677 3008 in
691 2967 748 3026 qua
760 2954 822 3008 erat
836 2946 940 3005 Iulum
954 2944 1072 3001 Hom
1103 2942 1191 3000 Hune
1202 2942 1289 3018 igitur
1304 2941 1395 3004 Poeta

237 3049 420 3124 percontatur
442 3043 629 3125 familiariter,
650 3049 698 3108 ubi
717 3053 810 3108 cornu
828 3047 935 3106 habeat
948 3045 1099 3122 liberius,
1116 3041 1185 3120 qaid
1199 3049 1289 3118 egunt
1304 3046 1395 3124 amid,

237 3145 308 3223 quid
320 3146 383 3224 ipae
396 3151 516 3224 tractet,
538 3153 586 3225 et,
607 3149 757 3230 proposita
778 3150 901 3225 quadam
913 3147 951 3206 ad
969 3146 1096 3205 etodium
1115 3143 1271 3222 sapientiae
1292 3137 1395 3207 adhor-

237 3247 362 3326 tatione,
382 3251 476 3308 utruur
493 3265 557 3308 cum
571 3249 716 3330 Munatio,
737 3251 876 3310 communi
896 3249 1002 3326 amieo,
1028 3247 1059 3306 iu
1073 3247 1196 3325 gratiam
1211 3247 1326 3308 redierit
1342 3268 1396 3310 neo

237 3368 283 3410 ue
324 3349 456 3430 Epistola
468 3350 554 3428 haee,
574 3367 647 3428 quee
660 3351 821 3432 Soeligero,
834 3351 923 3430 judici
940 3365 999 3408 uou
1012 3365 1124 3428 aernper
1142 3365 1234 3424 aequo
1253 3347 1396 3431 bonoque,

232 3471 317 3530 pura
330 3450 496 3510 admodum
509 3455 689 3534 minoreque
700 3451 860 3513 ambiuooa
872 3458 949 3513 reete
961 3451 1080 3528 dieitur,
1099 3468 1135 3509 ex
1155 3467 1190 3508 eo
1205 3467 1310 3526 gfflere
1325 3449 1397 3530 Epi-

236 3551 373 3613 stolarum
403 3561 465 3632 ut,
499 3571 573 3631 quae
594 3575 613 3615 a
628 3554 740 3616 Latinio
752 3553 932 3635 surmliurea
954 3551 1142 3634 appellantur.
1185 3551 1396 3612 Seotmtiarom
1476 3607 1482 3618 .

238 3651 309 3711 ordo
325 3653 563 3737 uplioiarimua,
582 3659 680 3720 limata
699 3663 730 3717 et
750 3657 900 3717 verborum
917 3661 948 3716 et
964 3673 1058 3714 rarum
1073 3653 1214 3731 tenuitur,
1233 3652 1396 3733 plenissima

239 3758 269 3813 et
282 3755 407 3816 mnus
426 3762 456 3816 et
473 3758 656 3820 humanitatis
674 3764 737 3820 totu
752 3757 900 3838 Epiatola,
916 3759 947 3818 in
965 3775 1024 3835 qua
1042 3757 1147 3817 multoe
1164 3755 1333 3835 interpreter
1351 3759 1395 3817 di-

238 3855 320 3914 oeudi
339 3856 387 3917 illa
406 3855 537 3921 libertate
558 3867 684 3922 veterum
699 3862 871 3941 scriptorum
885 3859 1004 3940 propria
1024 3858 1149 3919 otleunoo
1163 3876 1227 3918 eoae
1236 3860 1341 3918 nemini
1353 3863 1396 3919 vi-

239 3957 353 4017 debitur
378 3959 486 4021 mirum.
535 3964 645 4034 Quodsi
670 3965 830 4042 quaeritur,
863 3964 933 4041 quid
962 3961 1101 4020 Horatius
1125 3961 1156 4019 in
1184 3960 1238 4020 hee
1264 3959 1396 4042 Epistola

239 4059 416 4139 pooaaimum
435 4069 549 4124 secutus
563 4066 617 4144 rit,
644 4067 663 4129 i.
681 4085 705 4126 e.
723 4071 818 4124 utrum
833 4066 939 4126 amieos
955 4061 1018 4123 nlo·
1039 4062 1209 4121 dissidente·
1227 4059 1267 4142 (v.
1278 4061 1348 4143 30.)
1363 4063 1395 4123 in

239 4161 360 4240 gratiam
381 4163 503 4225 voluerit
527 4184 675 4246 revocare,
695 4169 738 4226 uti
752 4167 906 4247 opinantur
918 4163 1080 4224 Raouios
1093 4169 1124 4222 et
1142 4164 1336 4238 Selrmidiuo,
1356 4185 1395 4227 en

239 4281 360 4342 munna,
385 4267 464 4341 quod
484 4269 521 4327 ad
543 4269 637 4348 iprum
658 4267 739 4328 multi
755 4268 936 4345 deferebant,
957 4284 1003 4326 rea
1017 4265 1055 4325 ab
1070 4263 1203 4344 Augusto
1222 4273 1320 4345 gestau
1333 4287 1395 4327 ear·

239 4365 314 4424 mine
328 4365 439 4428 heroico
452 4367 611 4428 oelebrandi
629 4374 704 4430 terte
721 4375 751 4430 et
773 4368 983 4450 perhumaniter
1003 4368 1162 4427 detrectare
1177 4367 1218 4449 (r.
1236 4366 1298 4449 3.),
1320 4369 1395 4430 idio

241 4467 326 4528 dubio
344 4467 528 4546 relinquitur,
548 4485 711 4549 quanquam
724 4472 794 4550 hoc,
814 4491 873 4534 non
887 4471 959 4532 illud
975 4470 1178 4536 affirmrerim.
1215 4470 1262 4533 Ad
1273 4473 1395 4532 eundem

240 4568 354 4632 Florum
377 4571 513 4634 deournio
535 4572 621 4634 terme
635 4581 705 4658 port
726 4575 803 4638 mitit
815 4575 955 4639 nontin
968 4571 1128 4656 Epistulam
1141 4575 1178 4653 2,
1201 4576 1238 4648 23
1259 4575 1394 4635 etenimii
