3450 5334
346 479 628 542 commutem
650 481 690 538 nt
711 479 879 539 flottATn
898 478 1031 540 EPIST.
1052 479 1161 539 l’lilli.
1182 480 1258 542 nm.
1278 483 1305 539 i.
1366 475 1410 540 59

334 652 371 710 V.
385 650 439 714 89.
455 647 509 713 40.
550 647 649 708 Nemo
668 681 711 692 -
732 667 848 706 aurem.
894 651 1027 730 Uterque
1038 668 1143 708 versus
1159 649 1191 706 in
1206 650 1305 709 varies
1320 650 1410 709 inon-

251 751 343 811 cnrrit
358 749 615 830 reprehensiones.
642 752 715 810 Jem
729 749 902 810 Immbinus
919 753 1036 809 exstitit
1049 753 1113 830 ejus
1129 753 1299 830 castigator,
1314 772 1410 834 quum

250 851 372 929 diceret,
390 855 519 912 rosum
532 873 624 912 nsum
638 873 704 914 esse
720 851 837 913 dnobus
852 853 1109 926 translationibus,
1130 871 1209 933 quae
1226 864 1332 914 mutuo
1350 857 1410 915 sibi

250 975 312 1014 non
323 953 547 1035 responderent,
560 954 669 1033 ferum
681 967 713 1016 et
729 959 893 1028 unescere,
912 955 1119 1036 quamseroi.
1128 977 1156 1014 e.
1170 950 1410 1037 dyprenransue-

250 1057 472 1136 rcerentpotiua
487 1076 542 1116 seu
557 1059 769 1135 cicurarentur,
783 1059 891 1117 acerba
901 1059 1085 1115 mitescerent
1089 1079 1103 1131 ,-
1124 1067 1279 1136 praeterea
1292 1060 1326 1116 in
1336 1078 1411 1118 roco

250 1159 388 1217 culturae
409 1161 503 1219 aliam
526 1163 625 1220 inesse
642 1163 882 1222 translationem.
932 1161 1103 1218 Torrentius
1117 1157 1243 1240 quidem
1259 1160 1293 1220 id
1308 1173 1410 1242 neget,

250 1262 353 1320 locum
368 1260 497 1322 laudans
514 1263 665 1323 Ciceronis
682 1263 720 1324 de
735 1268 852 1325 invent.
867 1264 896 1338 1,
910 1265 941 1326 2.
961 1261 1084 1342 exseris
1093 1271 1121 1318 et
1133 1263 1315 1322 nemmem
1325 1268 1411 1324 mites

250 1363 380 1422 reddidit
393 1375 422 1421 et
434 1376 623 1437 mansuetos,
639 1367 748 1446 serrem
767 1377 871 1425 autem
887 1385 942 1445 pro
962 1366 1093 1444 agresti,
1125 1367 1179 1446 qui
1196 1365 1317 1425 cultura
1329 1370 1412 1426 rnitrs

251 1463 373 1542 erodet,
397 1468 558 1526 arbitratur
579 1465 640 1526 dici
661 1470 771 1528 collato
789 1471 908 1548 Virgilii
922 1469 1010 1527 loco:
1032 1467 1087 1525 Ge.
1102 1471 1142 1542 2,
1159 1468 1212 1531 36.
1225 1468 1412 1550 fructusque

242 1567 330 1648 seros
344 1567 458 1626 mollite
475 1568 608 1628 colendo.
652 1571 694 1629 At
709 1569 788 1630 nihil
802 1574 835 1630 in
850 1567 910 1631 hec
929 1569 1055 1653 quidem
1070 1590 1103 1627 re
1120 1573 1244 1630 novavit
1257 1575 1410 1633 Horatius.

250 1672 382 1729 Praeirit
394 1669 502 1730 Attrirs
518 1671 562 1752 (r.
582 1673 695 1752 scalig.
714 1671 755 1731 ad
770 1674 855 1732 Verr.
872 1675 910 1732 1..
923 1676 960 1733 1..
982 1677 1022 1732 Π.
1045 1694 1078 1753 Ρ.
1096 1674 1170 1736 286.
1186 1672 1235 1733 ed.
1250 1675 1345 1756 Bip.):
1367 1707 1411 1720 -

251 1772 456 1852 nequsullnm
470 1785 512 1834 est
529 1776 686 1855 ingenium
697 1785 836 1847 mmm,
854 1796 951 1855 neque
967 1795 1018 1834 cor
1031 1776 1229 1854 tamsemm,
1252 1777 1336 1856 quod
1349 1799 1412 1835 mm

250 1874 374 1933 tatamr
391 1874 514 1954 tngrm,
538 1881 674 1936 misereat
691 1877 784 1935 matr.
828 1879 932 1936 Etim
951 1878 1056 1937 Livius
1075 1877 1134 1954 33,
1157 1879 1207 1941 17.
1233 1910 1274 1922 -
1294 1876 1412 1937 tetum

252 1989 370 2036 tannem
398 1999 500 2038 recens
531 1991 638 2060 captae
657 1981 817 2060 firitotem
841 1979 931 2037 illam
959 1979 1126 2038 silvestrem
1145 1983 1247 2058 primo
1278 2000 1411 2052 severe,

251 2079 369 2152 ddnde,
384 2081 533 2160 qreanrcle'n
548 2079 690 2142 monibus
707 2080 850 2139 Ιιιιηιαηίε
865 2082 1005 2152 αΙαητιιν,
1025 2082 1188 2153 mitescere,
1209 2085 1243 2140 in
1255 2081 1412 2140 hominum

242 2182 370 2261 feritate
383 2183 546 2242 mulcenda
563 2205 624 2242 non
640 2183 765 2242 eandem
781 2193 925 2242 natnrerm
942 2204 1011 2242 esee.
1057 2185 1104 2243 ld.
1114 2185 1166 2259 38,
1183 2182 1235 2246 45.
1252 2216 1296 2227 -
1309 2195 1344 2241 ut
1353 2185 1411 2264 se·

250 2307 301 2344 rae
315 2286 465 2366 quosdam
476 2305 635 2365 nunquam
647 2289 809 2356 mitescere,
820 2287 866 2343 sic
872 2288 1029 2358 immitem,
1039 2284 1264 2364 implacabilem
1276 2289 1341 2362 rey’rss
1352 2289 1412 2345 viri

250 2391 386 2447 menum
399 2409 470 2448 esse.
515 2390 669 2448 Ammian.
680 2390 775 2446 Mare.
789 2387 840 2461 16,
859 2388 891 2449 7.
911 2420 957 2432 ·-
975 2389 1153 2468 interseras
1168 2385 1335 2446 nonnullae
1350 2390 1411 2446 mi-

251 2501 374 2548 tescunt.
419 2489 594 2551 Sohrnidins
611 2488 728 2550 eddidit
742 2491 825 2548 (lurt-
841 2490 878 2564 6,
900 2490 937 2565 3,
956 2491 988 2553 8.
1008 2501 1039 2550 et
1056 2494 1136 2552 vell.
1149 2494 1266 2550 Patere.
1283 2490 1313 2566 2,
1338 2490 1410 2568 118,

253 2597 282 2656 1.
323 2592 370 2650 cf.
386 2593 479 2652 etiam
497 2591 666 2654 Hocheder.
690 2589 1003 2652 Animadvertendum
1024 2605 1071 2654 est
1093 2614 1200 2676 porro,
1229 2595 1357 2674 nequis
1377 2597 1411 2652 in

250 2705 367 2754 mutato
382 2715 492 2774 genere
506 2696 712 2754 translationis
725 2711 755 2750 r.
767 2690 819 2756 40.
828 2691 958 2771 haereat,
972 2707 1091 2756 veteres
1103 2700 1174 2757 illos
1188 2697 1410 2774 (Quintillnst.

250 2799 281 2871 8,
287 2799 318 2872 6,
326 2793 466 2876 49-61)
475 2817 539 2856 non
548 2796 640 2858 modo
647 2815 708 2856 non
718 2793 777 2854 duo
785 2815 896 2876 genera
905 2817 995 2878 saepe
1002 2800 1207 2873 coniunxisse,
1218 2797 1273 2856 aed
1279 2817 1317 2855 ne
1326 2817 1411 2856 sem·

250 2917 305 2977 per
311 2895 475 2979 quidemin
488 2918 598 2978 genere
614 2909 736 2978 coeptae
743 2895 940 2978 metaphorae
953 2901 1128 2979 perstitisse,
1146 2910 1182 2958 nt
1192 2898 1325 2957 declarat
1332 2897 1411 2956 illud

250 3002 382 3060 Lucretii
399 2999 558 3058 demerem
572 2999 674 3058 lamen
688 3003 769 3058 vitoe
782 3011 812 3058 et
825 3002 891 3059 Vol.
908 3001 1027 3059 Flacci:
1045 3003 1172 3080 1‘gnarm
1187 3011 1281 3057 terras
1294 3017 1412 3055 vomere

249 3100 390 3160 imbuere.
436 3101 531 3178 Quid,
555 3102 638 3183 quod
650 3103 788 3161 Catullus
802 3097 832 3176 4,
851 3103 945 3164 1-5.
959 3111 1020 3161 tres
1033 3100 1226 3183 metaphoras
1244 3101 1411 3178 conjunxit.

249 3202 324 3262 lnde
337 3204 448 3263 frustra
464 3205 665 3264 sollicitarunt
677 3203 734 3263 0d.
752 3207 783 3280 2,
800 3202 830 3279 8,
854 3203 915 3278 16.,
936 3204 990 3262 ubi
1009 3203 1071 3262 vid.
1085 3201 1251 3263 Mitscherl.
1266 3213 1296 3262 et
1309 3223 1411 3262 meam

250 3308 345 3387 ipsius
371 3307 612 3367 observationem
635 3308 667 3364 in
690 3307 867 3364 Zirnmerm.
893 3303 1058 3365 Schulzeit.
1078 3307 1171 3370 1882.
1193 3309 1233 3364 Il.
1255 3327 1288 3386 p.
1316 3308 1410 3383 1201,

250 3411 360 3467 luntre
378 3407 568 3469 emendando
585 3410 653 3469 loco
666 3410 705 3468 A.
720 3411 757 3466 P.
772 3405 846 3472 441.
862 3405 1017 3467 insudavit
1032 3408 1209 3484 Bentlejus3
1235 3410 1329 3467 etiam
1344 3411 1411 3469 sine

250 3509 360 3570 idonee
377 3531 467 3571 cause
481 3511 589 3572 offensi
605 3523 677 3572 sunt
691 3512 843 3571 Desertus
860 3518 891 3569 et
913 3510 1099 3569 Sanadcnrss
1116 3510 1173 3570 (ld.
1194 3514 1228 3587 1,
1244 3511 1298 3585 85,
1311 3510 1365 3573 29.
1380 3521 1411 3570 et

249 3615 383 3672 Homine
395 3613 453 3673 (ld.
466 3616 496 3690 2,
514 3615 542 3690 1,
558 3615 653 3678 6-8.
670 3616 705 3690 1,
721 3613 751 3690 6,
765 3615 881 3677 9-12.
897 3614 937 3672 al.
951 3615 1044 3674 Plura
1062 3615 1122 3673 alia
1136 3615 1277 3693 exempla
1296 3613 1412 3672 dabunt

249 3715 388 3776 Gilunins
409 3715 448 3776 ad
461 3719 581 3776 lauerat.
596 3736 629 3798 p.
648 3719 723 3782 802.
746 3725 777 3775 et
790 3711 881 3792 445„
911 3735 1004 3797 quem
1027 3714 1132 3776 laudat
1145 3717 1264 3775 eortius
1279 3716 1319 3775 ad
1333 3717 1410 3776 Sall.

249 3819 314 3876 Cet.
332 3819 393 3895 31,
411 3820 458 3896 9·‚
479 3821 661 3899 Zinzerling.
681 3819 755 3878 crit.
782 3819 853 3877 Jur.
872 3821 1025 3880 Promnls.
1045 3840 1072 3878 c.
1089 3817 1159 3895 45.,
1191 3819 1290 3876 Klotz.
1313 3818 1411 3876 Irectt.

249 3921 361 3980 Venus·
379 3940 410 4000 Ρ.
423 3917 497 3985 417.
511 3942 574 4004 sq„
599 3918 693 3980 Bech.
709 3919 747 3980 ed
760 3918 848 3980 ovid.
861 3923 936 3981 Met.
954 3925 991 3999 7,
1008 3923 1062 3986 76.
1103 3923 1150 3981 lle
1175 3919 1223 3980 his
1245 3929 1277 3978 et
1297 3919 1412 3979 talibus

250 4032 329 4081 recte
340 4021 515 4100 J‘udicamnt
538 4025 570 4083 Ι.
592 4025 639 4084 A.
657 4025 816 4083 Ernestisee
831 4025 864 4082 in
881 4025 955 4084 Init.
975 4024 1103 4083 Rhetor.
1126 4019 1156 4103 6.
1173 4023 1248 4086 819.
1268 4031 1299 4079 et
1322 4023 1411 4080 Mat-

249 4124 367 4184 thiaeus
383 4123 416 4183 in
429 4125 596 4208 Eneyclop.
613 4147 644 4208 Ρ.
667 4127 738 4191 186.
782 4125 829 4186 Cf.
845 4123 984 4186 Schmid.
1003 4125 1041 4186 ad
1056 4126 1153 4206 Epist.
1170 4127 1207 4199 2,
1230 4125 1265 4199 1,
1288 4124 1340 4188 18.
1358 4121 1410 4188 14.

249 4245 281 4307 Ρ.
295 4228 348 4292 16.
365 4239 396 4287 et
414 4227 489 4294 806.
530 4233 597 4291 Hoc
609 4233 678 4292 loco
700 4233 804 4312 ipsum
824 4228 1000 4287 mitescendi
1012 4229 1139 4288 verbum
1159 4224 1322 4284 transitum
1338 4227 1412 4286 iecit

249 4335 371 4393 facilem
380 4332 420 4394 ad
426 4332 664 4409 translationem,
677 4353 755 4414 qnae
770 4332 916 4413 seqnitur.
927 4327 1031 4393 -40.
1039 4329 1186 4389 mteeree.
1211 4329 1319 4388 Nescio
1327 4347 1411 4406 sane,

250 4455 303 4495 our
318 4439 537 4518 Morgenstem.
552 4436 615 4516 legi
637 4435 779 4495 maluerit
797 4433 928 4504 emnem,
951 4450 1048 4512 quum
1058 4437 1166 4512 poetae
1178 4434 1347 4492 sexcenties
1361 4433 1412 4491 in-

252 4535 372 4598 definite
394 4540 573 4620 loquantur,
608 4539 661 4598 ubi
680 4537 802 4598 definite
827 4537 849 4597 i.
876 4557 904 4595 e.
928 4534 962 4593 in
981 4542 1120 4593 concreto
1139 4533 1226 4615 loqui
1251 4531 1410 4594 debebant.
