3450 5334
225 481 267 547 48
316 478 605 555 conntnNTtnss
618 484 662 547 ΙΝ
677 481 850 551 nnntnn
870 482 982 558 LlB.l.
1002 484 1291 560 6616666666.
1319 482 1385 549 233

225 668 367 729 moestitia
388 666 519 727 convenit
540 666 569 725 in
587 666 725 747 sapientis
739 684 824 744 quam
839 666 931 728 Poeta
948 666 1054 726 indicat
1067 687 1163 730 emam
1175 689 1209 731 ac
1221 674 1385 737 mediatio.

226 765 314 829 6667
336 768 394 849 Et,
406 768 431 835 si
444 768 660 846 contradicunt,
674 769 825 829 Horatium
835 768 916 829 amici
932 746 1137 845 aegritudinem
1146 771 1265 849 ejusque
1274 796 1385 857 66666,

225 871 326 948 quibus
348 871 489 931 adductus
517 868 698 934 solitudinem
724 871 899 949 quaesisset,
922 871 1080 950 prudenter
1098 876 1280 955 praeterisse,
1308 899 1386 943 nova

225 973 349 1034 exoritur
363 974 401 1031 de
412 972 465 1031 bac
477 971 637 1051 suspicione
651 972 891 1059 iustissimoque·
906 972 1067 1049 conjectura
1081 976 1221 1050 quaestio.
1250 980 1386 1058 Raptam

225 1081 319 1135 autem
334 1074 388 1135 boc
400 1075 514 1155 quidem
531 1073 594 1134 loco
610 1094 668 1135 non
684 1083 730 1134 est
743 1073 837 1133 lentus
856 1073 1031 1152 aegrotantis
1052 1076 1247 1155 moestitiaqun
1264 1084 1384 1143 mnsecti

226 1195 358 1255 gressus,
379 1177 431 1237 sed
452 1176 530 1235 lenta
541 1174 586 1235 rel
597 1176 718 1237 bominis
733 1176 820 1235 libere
830 1176 963 1255 vagantis
975 1176 1021 1235 vel
1039 1176 1235 1241 meditabundi
1247 1184 1386 1245 obambu-

226 1280 303 1339 latio.
346 1279 394 1341 Cs.
411 1276 518 1341 Donat.
532 1278 571 1339 ad
585 1276 704 1339 Terent.
723 1276 847 1356 Adelph.
864 1274 902 1355 4,
921 1278 958 1356 6,
977 1278 1008 1341 8.
1036 1278 1141 1337 Calan.
1152 1282 1191 1339 acl
1204 1280 1278 1350 Plin.
1290 1286 1384 1366 Epist.

228 1383 262 1460 1,
284 1377 341 1458 24,
363 1377 393 1442 4.
436 1378 611 1440 Rittersbus.
626 1382 663 1439 ad
676 1380 798 1441 Phaedr.
814 1380 851 1457 5,
875 1382 910 1457 1,
933 1380 963 1441 8.
983 1385 1014 1438 et
1026 1398 1101 1455 quae
1121 1380 1220 1444 laudat
1237 1396 1386 1465 praeterea

229 1482 418 1556 Schmidius,
440 1482 488 1561 qui
506 1482 616 1543 confert
626 1482 799 1541 Graecorum
813 1479 915 1558 ἕρπειν
926 1499 975 1561 ap.
991 1481 1079 1541 Hom.
1096 1483 1155 1545 06.
1174 1484 1318 1564 17,1b8.
1334 1493 1385 1571 18,

227 1585 298 1647 131.
340 1584 374 1643 11.
393 1583 433 1647 17
440 1622 450 1661 ,
472 1578 545 1644 447.
579 1583 672 1643 Multa
687 1583 744 1643 alia
758 1582 909 1641 verborum
926 1581 1027 1661 ἕρπειν
1048 1588 1079 1643 et
1097 1582 1236 1663 ἕρπιὶζειν
1256 1593 1386 1670 exempla

224 1687 290 1747 mibi
312 1684 448 1746 indicavit
473 1686 626 1755 Sommer,
651 1684 760 1763 collega
786 1686 984 1762 doctissimus,
1007 1689 1040 1743 ut
1061 1684 1149 1765 Soplu
1167 1685 1289 1749 Philoct.
1312 1694 1385 1759 207,

224 1789 295 1851 701.
322 1785 423 1865 Antig.
437 1786 511 1849 619.
526 1786 600 1849 367.
617 1785 690 1849 685.
707 1785 870 1865 Aias-157.
889 1784 989 1864 Eurip.
1005 1786 1085 1846 11166.
1098 1784 1173 1849 384.
1187 1786 1262 1853 404.
1275 1792 1384 1855 Pboeu.

225 1887 276 1950 41.
300 1888 396 1970 Apoll.
417 1886 514 1949 Rhoo.
535 1886 607 1965 Arg.
620 1890 658 1966 3,
678 1884 750 1951 447.
772 1890 856 1947 etde
875 1896 987 1947 moesto
1007 1884 1046 1966 4,
1069 1887 1180 1966 1280,
1199 1892 1236 1951 ct.
1251 1891 1384 1953 Dnnonn.

224 1988 318 2051 Lexic
339 2010 367 2053 v.
381 1985 489 2071 “Epium
515 2009 545 2068 p.
559 1985 632 2051 449.
656 1996 687 2049 et
705 1988 826 2049 Tbeocr.
848 1988 893 2050 ld.
911 1989 946 2065 1,
976 1987 1049 2051 106.
1065 1986 1166 2048 Aesclu
1181 1992 1293 2053 Socrm.
1309 1994 1383 2058 Dial.

224 2092 263 2170 8,
290 2094 341 2155 10.
360 2126 399 2137 -
420 2094 546 2151 muitum
556 2133 568 2163 ,
589 2090 608 2149 i.
630 2110 657 2149 e.
682 2090 797 2150 inrisum
820 2090 987 2168 cogitationi
1005 2093 1042 2149 de
1061 2092 1180 2170 pulchro
1204 2101 1235 2154 et
1252 2096 1384 2176 honesto,

224 2200 256 2253 ut
270 2194 367 2254 Orellii
382 2193 476 2253 verbis
489 2198 562 2271 utar,
577 2194 614 2250 de
622 2192 737 2271 vitaque
748 2194 786 2251 ad
797 2192 994 2271 philosophiae
1004 2201 1158 2275 praecepta
1171 2196 1383 2256 conformanda.

224 2295 278 2355 Alii
294 2295 384 2359 aliter.
420 2292 631 2373 Calpurn.Ecl.
648 2288 727 2371 4,1.
755 2296 968 2371 Quantasque,
994 2294 1140 2375 Corydon,
1153 2296 1384 2377 661166666ιύ-

224 2398 293 2457 iude
315 2400 492 2455 minaci-
511 2396 617 2455 sedes?
655 2394 791 2475 Epitheto
812 2396 851 2457 illi
869 2397 1047 2476 aptissimum
1057 2405 1103 2457 est
1116 2399 1385 2480 curands'verbum,

224 2500 260 2559 de
271 2518 329 2577 quo
342 2499 407 2559 vide
421 2500 458 2557 ad
469 2498 563 2577 Epist.
584 2498 622 2575 1,
640 2498 675 2575 1,
698 2500 750 2560 11.
770 2499 912 2577 12,15.;
932 2498 1029 2557 silvae
1049 2501 1172 2578 denique
1188 2500 1385 2581 intelliguntur

223 2620 289 2680 eae,
310 2620 384 2679 quae
402 2608 483 2659 mant
506 2619 597 2679 prope
622 2598 716 2659 villam
730 2599 875 2661 Pedanam
892 2620 1023 2681 quaeque
1042 2602 1175 2661 dicuntur
1188 2601 1325 2661 sabcbres
1339 2604 1385 2663 vel

224 2704 397 2783 generatim,
416 2702 482 2778 quia
496 2700 587 2761 bonae
605 2701 758 2763 valetudini
770 2705 950 2781 conducunt,
972 2704 1017 2764 vel
1032 2704 1196 2783 singulatim
1205 2746 1217 2783 ,
1241 2706 1309 2782 quia
1321 2706 1385 2765 Ho-

224 2808 312 2867 ratius
330 2807 453 2865 sortaase
476 2804 550 2863 hauc
569 2802 729 2883 Epistolnm
751 2823 785 2864 eo
808 2812 937 2884 tempore
960 2806 1089 2883 scripsit,
1120 2826 1178 2883 quo
1201 2807 1320 2866 ditiores
1347 2808 1384 2867 ob

224 2908 330 2967 coelum
351 2925 439 2987 grave
461 2904 679 2984 plumbeamque
700 2903 837 2965 Austrum
854 2904 931 2985 (Sat.
950 2910 986 2983 2,
1005 2909 1042 2984 6,
1061 2906 1112 2972 18.
1133 2907 1227 2985 Epist.
1247 2909 1281 2985 1,
1305 2911 1343 2987 7,
1363 2909 1383 2969 6

223 3008 314 3087 ——9.)
333 3010 362 3067 in
382 3006 461 3067 villas
484 3008 616 3067 secedere
641 3005 782 3065 solebant.
807 3006 940 3066 Tibullus
955 3008 1018 3086 ipse
1032 3010 1068 3066 de
1081 3028 1113 3067 se
1127 3005 1165 3086 4,
1187 3008 1245 3086 13,
1267 3009 1303 3068 9:
1332 3010 1386 3067 Sic

224 3132 277 3191 ego
297 3112 415 3170 secretis
434 3130 560 3187 possum
580 3106 652 3166 bene
675 3108 898 3179 6166661166,
931 3110 1001 3187 Qum
1013 3110 1103 3169 nullo
1123 3111 1258 3168 humano
1275 3112 1316 3167 sit
1332 3113 1384 3169 via

224 3214 296 3269 truta
309 3212 396 3288 pede.
440 3210 487 3269 Cf.
514 3209 639 3269 Schmid.
661 3210 699 3269 ad
722 3209 818 3291 Epist.
840 3212 877 3288 2,
900 3212 936 3287 2,
958 3213 1010 3273 77.
1054 3212 1089 3271 C.
1110 3210 1229 3272 Passov.
1255 3210 1294 3270 N.
1310 3212 1383 3275 217.

223 3314 325 3396 Longe
337 3316 419 3375 aliter
430 3312 619 3387 Scholiastae3
639 3311 749 3373 Acron:
776 3353 797 3393 „
805 3312 900 3373 silvas
913 3312 1005 3370 libros
1016 3314 1265 3393 pbilosophorum
1275 3314 1384 3393 appel-

224 3417 303 3475 161(ί
313 3440 327 3491 ,·
360 3415 553 3496 Porphyrion:
589 3414 718 3488 „libros
749 3413 1033 3494 φιλοσοφονμὲνους
1059 3417 1258 3495 scgrrr'fflatf‘
1308 3417 1385 3476 Hinc

223 3518 435 3577 Broakhusius
453 3517 491 3576 ad
513 3516 578 3576 Tib.
607 3519 644 3596 1,
665 3517 703 3596 1,
725 3517 754 3578 1.
769 3516 831 3577 coll.
844 3516 938 3596 Epist.
954 3519 993 3595 2,
1015 3520 1053 3595 2,
1073 3516 1211 3583 43-46.
1236 3518 1385 3578 silvarum

223 3621 337 3681 nomine
351 3618 470 3697 intelligi
484 3620 617 3700 opinatur
631 3621 726 3701 spatia
740 3618 950 3679 Academiaest
963 3639 1108 3680 sermones
1123 3620 1294 3699 Socraticos,
1306 3622 1384 3699 quod

221 3723 316 3803 ipsum
330 3722 420 3801 „satis
432 3722 580 3801 signanter
592 3724 730 3803 exprimat
742 3722 785 3780 vis
798 3719 937 3801 Epitheti,
957 3742 1013 3801 qua
1025 3723 1161 3783 salubres
1174 3722 1385 3804 appellentnr.“

223 3826 271 3884 Cs.
291 3825 327 3883 C.
350 3825 470 3885 Passov.
491 3822 529 3885 N.
545 3820 598 3885 46.
641 3825 737 3901 Quid,
758 3826 836 3899 quod
863 3823 1021 3883 Turnebus
1042 3822 1131 3902 (Ado.
1151 3828 1186 3899 1,
1207 3822 1384 3905 1866661-

223 3926 323 3987 tiorem
348 3926 394 3985 bic
420 3926 509 3987 latere
531 3945 660 4005 sensum,
689 3932 720 3984 et
744 3943 807 3983 eum
828 3924 998 4004 Epicureum
1018 3927 1162 4005 opinatur.
1205 3925 1384 4004 „Existimat

222 4028 328 4105 enim“,
344 4028 446 4105 inquit,
462 4029 601 4109 „dignum
616 4047 679 4087 esse
693 4028 823 4103 sapiente
835 4034 867 4087 et
877 4028 965 4107 bono,
984 4029 1155 4088 amoenitate
1169 4033 1200 4085 et
1216 4025 1383 4086 salubritate

222 4149 349 4191 secessus
367 4131 421 4191 frui
436 4132 532 4208 potius
551 4149 636 4207 quam
650 4150 709 4191 rem
722 4130 885 4189 familiarem
903 4131 986 4190 avide
1007 4150 1133 4210 augere,
1159 4128 1384 4209 prudentiaeque

222 4250 285 4291 esse
297 4232 446 4311 indulgere
461 4233 515 4300 sibi
532 4232 753 4293 ambulationum
767 4230 861 4309 spatia
876 4233 1059 4293 delicatarum
1081 4232 1288 4308 conficientem,
1311 4248 1382 4306 qua-

222 4335 263 4395 les
283 4332 313 4393 in
333 4333 452 4395 Pedana
472 4336 588 4413 regione
599 4335 730 4395 Tibullus
751 4334 891 4411 babebat,
908 4334 957 4410 qui
968 4340 1063 4393 tamen
1079 4333 1302 4392 videbaturesse
1315 4351 1380 4411 par-

222 4436 307 4495 cior“
337 4444 392 4497 etc.
443 4436 546 4515 Neque
571 4437 715 4516 improbat
735 4436 924 4506 Lambinus,
955 4434 1036 4494 aliter
1055 4435 1164 4513 judicat
1190 4436 1380 4507 (Itineribus,-

224 4537 360 4601 Turnebo
373 4542 528 4600 assentitur
544 4542 580 4601 V
577 4538 680 4618 utpuu
691 4540 721 4600 in
738 4541 789 4601 rit.
805 4539 873 4601 Tib.
886 4560 916 4619 p.
929 4536 1062 4611 Lxxlt.;
1085 4538 1139 4597 sed
1161 4538 1214 4598 bas
1231 4535 1316 4597 silvas
1332 4554 1383 4595 cur
