3450 5334
640 512 947 582 eunomio.
1351 542 1375 586 v

214 710 400 781 Heinricus
415 710 606 795 Linducr„
627 712 836 786 Screnissimi
848 716 948 787 Ducis
962 715 1130 787 Anhaltini
1143 716 1372 790 Dessuviensis

208 850 470 922 bibliothecarius
495 856 529 920 ct
547 852 696 922 tabularii
719 852 917 946 praefectus.
957 853 990 923 Is
1013 853 1075 922 Vir
1098 854 1210 926 doctus
1230 859 1373 930 codicem

209 987 423 1057 Anholtinum
452 984 618 1055 Fabricii
640 994 674 1059 et
703 987 807 1057 Junii
832 989 974 1060 Desscv.
996 989 1030 1060 1.
1050 1013 1148 1060 unum
1173 995 1372 1087 eundemque

209 1145 285 1194 esse
296 1144 378 1194 vere
390 1123 509 1195 docuit.
553 1124 806 1196 Dessoviensem
818 1134 929 1197 eutem
944 1127 999 1222 2.,
1027 1150 1089 1221 quo
1104 1128 1220 1200 eodem
1236 1131 1371 1203 danius

210 1270 262 1331 est
275 1284 376 1355 usus,
401 1263 541 1353 itemque
561 1261 704 1333 codicem
717 1262 753 1331 3.
771 1284 867 1335 nemo
889 1264 1039 1335 adhunc
1060 1265 1145 1335 diem
1162 1270 1196 1337 in
1209 1268 1369 1362 Epistolis

210 1398 343 1469 edendis
356 1399 541 1469 adhibuisse
553 1398 692 1469 videtur.
744 1398 872 1471 Horum
884 1400 1028 1471 codicum
1041 1410 1225 1475 scmnotom
1242 1412 1276 1475 et
1295 1407 1369 1477 col-

209 1539 363 1607 lationem
376 1544 410 1607 et
423 1536 673 1627 descriptionem
694 1535 737 1604 ed
757 1558 810 1607 me
829 1535 1058 1607 humanissime
1075 1542 1163 1612 misit
1183 1540 1369 1629 Liudncr„

210 1696 271 1767 quo
298 1676 331 1743 iu
366 1694 467 1768 opere
494 1672 592 1744 taedii
625 1674 721 1766 pleno
749 1676 869 1744 eximie
891 1674 1020 1765 adjutus
1046 1684 1098 1746 est
1123 1678 1165 1746 ob
1193 1676 1369 1772 Augusto

208 1809 359 1899 Fucino,
383 1813 468 1883 bono
481 1810 670 1904 disciplinae
683 1810 947 1881 Hermonnienne
962 1818 995 1882 et
1009 1813 1205 1884 lssotuionae
1221 1816 1363 1887 alumno.

207 1946 314 2033 Quum
326 1950 385 2017 illo
396 1948 532 2019 duormn
544 1946 638 2018 codd.
653 1948 751 2019 Dcss.
768 1946 962 2041 descriptio,
988 1971 1072 2040 quae
1090 1952 1215 2044 legitur
1232 1974 1286 2043 ep.
1299 1943 1366 2021 do-

207 2087 295 2155 uium
315 2086 343 2155 1.
364 2108 397 2179 p.
420 2084 589 2154 lx-Xl.
609 2092 643 2155 et
655 2083 790 2156 Mitsch.
810 2084 839 2153 1.
860 2084 1058 2180 p.1x.x.,
1083 2108 1196 2178 parum
1214 2098 1367 2160 murato

206 2226 249 2295 sit
266 2222 354 2318 (vid.
368 2221 486 2293 Lindn.
500 2222 526 2290 l.
540 2220 565 2289 1.
580 2244 614 2313 p.
631 2216 754 2317 und),
782 2220 1014 2291 accuratiorem
1030 2222 1084 2293 hic
1103 2224 1182 2316 ipsis
1196 2223 1267 2293 Viri
1281 2224 1365 2297 docti

206 2363 314 2433 verbis
334 2383 412 2431 usum
436 2360 668 2430 transscribere
687 2379 753 2429 uon
780 2358 933 2428 dubitavi.

305 2531 402 2628 „nie
421 2536 520 2599 crete
539 2529 759 2600 Dessouische
778 2527 993 2602 Huudschriit
1010 2526 1069 2598 des
1082 2527 1261 2627 Horatius,
1289 2534 1363 2605 die-

204 2673 320 2764 sclbe‚
345 2667 475 2738 welche
491 2664 683 2736 Fabricius
696 2674 793 2737 uuter
805 2667 881 2737 dem
892 2665 1020 2738 Numen
1033 2663 1152 2737 codex
1164 2668 1363 2743 Anhnltinus

203 2806 372 2903 verglich‚
391 2806 434 2875 ist
448 2806 480 2873 in
493 2804 584 2875 hlein
595 2804 671 2874 Fol.
684 2803 751 2873 und
765 2802 825 2874 oui
833 2802 1033 2897 Pergament
1045 2804 1268 2896 geschrieben.
1297 2804 1357 2878 Sie

203 2948 261 3018 het
286 2966 361 3015 uum
388 2942 478 3011 'litet
509 2938 599 3034 (der
622 2940 776 3035 dirigens
803 2961 869 3011 von
896 2942 988 3010 einer
1012 2945 1143 3033 spitern
1168 2938 1265 3012 Hand
1292 2964 1360 3037 ge-

203 3083 371 3154 schrieben
397 3072 490 3171 ἰαὶ).

267 3293 345 3357 libsr
370 3291 481 3355 bcctce
506 3289 624 3353 monac
649 3285 780 3369 virginis
807 3287 969 3370 nandique
998 3284 1139 3370 cipriani
1163 3290 1301 3373 episcopi

536 3434 570 3489 cc
590 3424 739 3506 martyro
766 3422 807 3485 In
829 3421 1015 3507 Nigebrcrgc

483 3590 769 3663 Honorius
819 3587 1061 3660 Funccus

316 3770 444 3834 Horatii
458 3768 556 3849 flccd
574 3768 701 3852 poetria
720 3768 786 3829 sice
805 3766 978 3831 canrdmcm
997 3767 1070 3831 iibri
1086 3771 1226 3851 quatuor·

553 3967 635 4038 Item
654 3966 795 4039 numam
814 3968 915 4061 cupiti
926 3975 989 4041 etc

243 4141 328 4202 oratii
352 4137 436 4197 flacci
457 4136 653 4217 epistolarum
672 4134 743 4195 libri
764 4130 834 4193 duo.

243 4244 330 4304 oratii
345 4240 430 4300 flacci
446 4240 536 4300 satire
553 4240 603 4299 vel
619 4256 794 4298 sermonum
806 4236 877 4297 libri
891 4234 963 4297 duo.

244 4345 330 4403 oratii
350 4342 435 4401 flacci
456 4342 595 4401 carmina
616 4338 678 4401 duo
695 4349 765 4419 post
783 4349 925 4419 quartum
942 4335 1111 4396 carminum
1125 4332 1237 4393 librmn

204 4446 208 4453 ’
241 4446 374 4526 primum
385 4444 424 4504 do
436 4444 522 4525 poesi
538 4455 568 4503 et
580 4443 678 4525 poetis
694 4459 741 4502 so:
761 4438 898 4499 humano
921 4437 1021 4519 copiti.
1063 4437 1125 4497 ibis
1141 4437 1221 4496 tibur

242 4550 288 4609 nis
311 4558 342 4607 et
358 4556 455 4606 cetera
473 4567 543 4607 cum
562 4546 681 4608 defectu
698 4562 790 4627 quem
809 4539 902 4601 hebet
922 4540 954 4599 iu
972 4538 1097 4620 papirio.
