3450 5334
345 485 389 552 to
448 489 729 552 cammerano
747 491 789 551 ut
810 489 980 551 nonam
999 488 1131 549 nater.
1151 492 1261 551 raus
1280 476 1361 550 nin.
1381 493 1408 550 1.

347 655 511 718 adversarii
527 659 614 737 [cleo
635 659 736 738 uncti]
763 654 1003 738 apprehensione
1019 659 1155 718 lubricus
1169 663 1288 721 esset.“
1331 661 1411 720 Plio.
1430 662 1510 720 ilict.

346 759 398 838 35,
419 763 470 826 11.
492 759 662 824 ouante.
679 763 709 838 9,
724 759 776 825 85.
799 761 875 820 star.
882 759 982 820 Theb.
991 765 1022 836 6,
1039 758 1179 844 844sqq.
1200 765 1315 823 Lucan.
1324 760 1356 840 4,
1371 759 1513 844 ottsqq.

347 863 434 922 Nilus
448 883 496 943 ap.
511 865 604 924 0rell.
619 866 642 924 l.
657 885 689 945 Ρ.
706 862 933 928 araneosa.
953 865 1080 922 ancien.
1093 863 1132 922 de
1140 866 1287 946 Gymnas.
1298 885 1324 923 c.
1339 867 1370 927 2.
1389 866 1457 924 Vll.
1477 883 1513 944 p.

350 963 420 1029 156.
444 967 513 1046 Bip.
557 967 602 1026 cf.
624 968 760 1030 Perizon.
783 964 823 1024 ad
842 967 962 1024 Aeliae.
980 967 1017 1023 V.
1036 967 1075 1022 H.
1093 967 1132 1042 9,
1149 967 1181 1030 3.
1224 971 1325 1049 lleyu·
1349 962 1389 1022 ad
1408 967 1512 1045 Epist.

347 1064 504 1128 Euchirid.
521 1068 580 1145 29,
595 1071 626 1135 3.
651 1079 681 1128 et
696 1069 822 1131 Orellius
849 1067 890 1126 ad
912 1067 1049 1128 Sentent.
1074 1087 1151 1127 mor.
1173 1079 1234 1126 vet.
1262 1069 1514 1146 er.11.p.581.

349 1170 427 1228 llinc
441 1171 585 1230 nonnulli
598 1189 647 1228 rr.
668 1167 748 1230 docti
766 1182 889 1230 auctore
902 1171 1074 1229 Mercuriali
1093 1169 1132 1230 (le
1148 1173 1222 1230 Arte
1240 1173 1399 1251 Gymnast.
1423 1171 1459 1243 1,
1478 1170 1514 1232 8.

347 1269 381 1328 in
395 1273 502 1332 Poleu.
519 1270 615 1332 Thes.
631 1273 685 1331 ΠΙ.
702 1292 732 1352 Ρ.
751 1269 824 1336 484.
845 1274 1027 1333 formulamt
1049 1275 1114 1332 εἰπε
1131 1273 1277 1352 petivere,
1299 1275 1440 1332 Pliniana
1455 1272 1514 1330 illo

348 1381 380 1432 et
404 1371 464 1434 hoo
489 1377 653 1435 Horatiano
678 1375 727 1434 usi
748 1377 816 1436 loco
841 1377 1095 1456 interpretantur:
1132 1377 1197 1433 sine
1222 1376 1337 1433 auxdc'o
1359 1377 1516 1452 inspersae

349 1495 460 1534 menae
467 1499 481 1551 ,-
503 1495 595 1558 quam
607 1477 646 1537 ob
663 1496 729 1536 rem
749 1478 895 1557 Orrayzas
904 1481 958 1537 ille
972 1479 1129 1537 notionem
1138 1480 1263 1553 umjon's
1278 1477 1381 1536 auda
1392 1488 1422 1535 et
1441 1475 1514 1535 eet-

349 1575 447 1636 14νὰιο
457 1579 490 1635 iu
507 1578 677 1637 Dissertatt.
692 1577 864 1638 Academio.
880 1599 911 1658 p.
923 1579 996 1643 255.
1020 1589 1051 1638 et
1069 1582 1194 1653 majoris
1206 1581 1309 1639 laudis
1330 1592 1361 1639 et
1376 1601 1516 1639 suornm

349 1681 470 1738 ciream
483 1677 534 1739 hic
548 1680 701 1739 invenisse
715 1683 773 1740 sibi
785 1682 845 1740 visi
857 1690 937 1739 suut.
959 1683 1108 1741 Similiter
1120 1683 1225 1741 locum
1238 1684 1403 1764 explicarit
1416 1683 1447 1740 Ι.
1467 1683 1512 1742 G.

347 1782 575 1843 Bascama
585 1782 618 1840 in
634 1784 737 1862 Progr.
753 1780 868 1843 schol:
887 1781 989 1859 Quum
1001 1785 1040 1842 sc't
1053 1783 1183 1842 conane
1200 1785 1376 1843 (1180ὺεὺ00
1386 1783 1516 1863 pulvere

346 1883 496 1964 palaeae?
516 1885 667 1964 Freiberg.
689 1885 783 1949 1768.
825 1884 1006 1966 Quanquam
1022 1887 1111 1946 illum
1132 1885 1267 1946 certandi
1289 1885 1356 1946 sine
1377 1885 1515 1966 pulveris

350 1989 523 2067 aspersione
544 1985 671 2046 modum
689 2007 753 2046 non
775 1986 903 2047 omniuo
923 1985 1125 2068 denegamus,
1146 2010 1165 2048 a
1182 1991 1299 2070 potiore
1319 1999 1424 2048 tamen
1446 1988 1515 2046 fieri

350 2087 557 2156 denominatio
575 2091 668 2164 solet,
689 2100 724 2149 ut
741 2099 821 2148 recte
838 2086 987 2147 Budaeus
1003 2091 1068 2148 sine
1083 2091 1211 2170 pulvere
1225 2092 1422 2171 explicaverit
1436 2088 1515 2154 ἄνευ

350 2185 486 2276 α’γῶνοςς
508 2191 591 2273 quod
610 2193 771 2272 contigisse
788 2191 929 2264 Herculi,
951 2191 1098 2269 Dromo,
1119 2196 1246 2270 Dorieo,
1267 2196 1422 2275 Dioxippo
1440 2213 1515 2252 uar-

351 2305 419 2354 runt
437 2293 561 2353 Diodor.
584 2295 679 2354 Sicul.
700 2296 732 2352 in
753 2293 834 2353 Bibl.
858 2294 912 2353 lib·
933 2291 964 2358 4.
980 2314 1010 2374 Ρ.
1029 2296 1102 2357 222.
1135 2298 1265 2356 Pausan.
1280 2300 1313 2355 in
1326 2299 1514 2372 8118027,

353 2400 404 2461 11.
419 2407 449 2456 et
460 2399 577 2456 Plinius
593 2398 615 2455 l.
628 2397 668 2472 1.;
691 2393 839 2477 adquam
857 2415 923 2454 rem
939 2396 1031 2454 etiam
1048 2396 1183 2457 alludere
1202 2399 1323 2459 ridetur
1340 2401 1456 2460 Seneca
1474 2399 1515 2458 de

350 2497 473 2559 Prorid.
488 2493 538 2560 4.:
560 2498 752 2558 Descendisti
763 2499 809 2556 ad
829 2498 994 2577 Olympiam
1012 2499 1068 2557 sed
1083 2521 1167 2558 nemo
1177 2513 1300 2580 praeter
1310 2514 1351 2573 te,
1372 2523 1516 2561 coronam

351 2599 457 2674 80800,
479 2603 637 2660 victorium
650 2622 711 2660 non
723 2600 826 2660 haba.
873 2600 919 2658 ef.
943 2601 1041 2659 Beier.
1056 2600 1096 2660 ad
1113 2604 1175 2662 Cic.
1192 2604 1249 2663 0ff.
1269 2607 1298 2680 1,
1322 2604 1372 2667 18.
1388 2624 1419 2684 Ρ.
1440 2601 1513 2667 143.

351 2707 469 2765 Erasm.
494 2703 613 2784 Adegg.
634 2706 670 2780 2,
692 2705 727 2780 6,
749 2705 800 2767 28.
822 2713 852 2762 et
876 2706 1006 2784 interpp.
1027 2704 1067 2764 ad
1087 2705 1229 2787 Thucyd.
1252 2706 1288 2783 4,
1310 2707 1362 2770 78.
1407 2707 1515 2763 Cetera

352 2818 432 2866 recte
446 2805 572 2889 quidem
586 2805 784 2888 Doers'ngirss,
805 2816 836 2864 at
848 2808 1007 2886 pulverem
1021 2827 1038 2865 a
1050 2810 1255 2888 pugnantibus
1270 2809 1432 2868 collectum
1443 2807 1513 2887 (08.

354 2912 384 2988 1,
401 2912 430 2986 1,
442 2909 488 2990 8.)
503 2910 657 2989 intelligit.

436 3015 472 3074 V·
494 3011 644 3078 82-88.
686 3011 913 3072 Sententiarum
932 3029 1049 3070 nexus:
1086 3055 1105 3088 ‚‚
1116 3013 1279 3072 Summum
1299 3010 1378 3071 illud
1397 3013 1515 3074 bonum

353 3119 420 3199 ipsa
437 3119 532 3177 virtus
559 3126 605 3176 eat
625 3114 765 3174 omnibus
784 3111 934 3173 thesauris
957 3114 1067 3191 major,
1104 3135 1280 3198 quanquam
1301 3117 1389 3173 aliter
1417 3119 1514 3195 vulgo

353 3220 488 3281 sentiunt
508 3219 664 3294 homines,
687 3215 808 3276 divitias
823 3237 879 3295 pro
893 3235 1013 3275 summo
1029 3217 1109 3276 bono
1125 3215 1302 3276 habentes.“
1343 3220 1393 3276 lix
1409 3231 1515 3279 mente

354 3333 458 3382 autem
483 3323 610 3382 Gesneri
634 3324 730 3381 Poeta
752 3339 831 3378 novo
855 3319 943 3398 quasi
971 3316 1096 3378 exordio
1125 3316 1259 3378 declarat
1279 3323 1515 3380 inconstantiam

353 3425 524 3501 hominurn,
541 3426 594 3506 qui
607 3425 641 3483 iu
655 3443 706 3482 ore
719 3419 844 3502 quidem
860 3417 992 3477 habeant
1012 3421 1199 3500 praeclaram
1211 3423 1395 3481 seutentiam
1413 3423 1515 3482 Vds‘ns

354 3539 515 3611 argentum
527 3539 600 3600 ete,
619 3529 675 3587 sub
691 3522 800 3584 eodem
813 3532 960 3601 tempore,
974 3525 1001 3581 si
1019 3544 1081 3583 noar
1099 3522 1227 3582 totidem
1241 3527 1357 3600 verbis,
1377 3535 1443 3584 toto
1464 3537 1515 3584 ta-

355 3653 427 3693 men
442 3635 522 3691 vitae
540 3641 644 3690 tenore
666 3630 818 3687 clament:
855 3623 884 3682 O
903 3627 981 3683 cives
1005 3637 1060 3684 etc.
1102 3629 1295 3707 Neutiquam.
1314 3630 1419 3707 Neque
1430 3630 1516 3688 enim

354 3735 505 3798 sententia
522 3729 717 3792 distrahenda
735 3739 781 3789 est
802 3727 839 3785 ab
861 3729 912 3800 iis,
934 3747 1011 3809 quae
1035 3728 1231 3805 antecedunt3
1258 3732 1371 3791 Poetae
1390 3734 1518 3812 sapien-

354 3841 439 3915 tiori,
462 3857 527 3897 rem
546 3857 634 3895 suam
646 3833 793 3893 sermonis
810 3831 944 3909 vulgaris
963 3835 1076 3891 ratione
1091 3831 1243 3914 modoque
1260 3837 1441 3914 proponenti
1464 3857 1517 3894 re-

356 3943 469 4002 clamat
490 3941 576 4023 quasi
603 3955 731 3997 aureum
754 3933 834 3994 illud
859 3935 932 3994 Jani
956 3946 1168 4014 praeceptum:
1202 3936 1230 3995 O
1252 3938 1353 4008 cives,
1372 3939 1452 3994 cives
1472 3973 1519 3986 -

355 4043 477 4124 (Simile
492 4045 607 4102 dictum
620 4042 732 4120 legitur
746 4035 828 4117 apud
839 4035 1004 4096 Goetlsium
1022 4041 1090 4097 XX.
1111 4059 1141 4118 p.
1158 4038 1247 4112 188,
1268 4037 1405 4099 Dideroti
1422 4041 1519 4100 verba

355 4147 389 4204 in
405 4149 536 4227 patrium
552 4161 726 4206 sermonem
746 4141 900 4218 eleganter
918 4152 1103 4199 vertentem:
1125 4143 1216 4216 „Nur
1228 4138 1323 4217 Gold,
1344 4161 1403 4200 nur
1415 4142 1516 4202 60181

357 4247 438 4308 Gold
452 4251 491 4308 ist
506 4251 590 4308 Alles
604 4245 670 4306 und
683 4243 736 4304 das
751 4244 875 4322 Uibrige
890 4245 930 4303 ist
942 4244 1057 4307 NJclrts.
1067 4243 1109 4324 “)
1131 4245 1255 4305 Veteres
1273 4241 1352 4303 lianc
1365 4243 1519 4306 humilem

357 4351 597 4434 illiberalemque
613 4345 764 4408 sentiendi
781 4347 928 4405 rationem
947 4349 1032 4406 omui
1050 4346 1143 4408 modo
1162 4348 1343 4426 impugnant
1358 4359 1448 4430 atque
1467 4347 1520 4408 di-

357 4455 463 4512 latant.
506 4454 540 4511 Si
555 4457 589 4511 in
605 4472 730 4512 sensum
746 4471 776 4509 v·
792 4449 844 4512 52.
892 4447 992 4508 Velina
1007 4485 1048 4500 -
1065 4469 1178 4508 annun
1192 4459 1309 4508 veteres
1327 4449 1454 4527 ethnici,
1481 4465 1520 4512 ut

359 4548 541 4632 Phocylides
563 4550 718 4635 (ap.1²1st.
733 4553 771 4613 de
785 4554 860 4631 Rep.
875 4553 906 4615 8.
917 4571 949 4631 Ρ.
962 4547 1069 4636 628.);
1091 4553 1142 4616 8οἴ
1156 4545 1232 4616 ὅταν
1249 4575 1293 4638 sp
1310 4549 1372 4634 ἤδη
1389 4554 1459 4635 βίος
1475 4547 1518 4643 ᾖ,
