3450 5334
199 499 241 565 45
284 492 575 559 coimmissa
594 494 640 557 IN
656 492 829 557 110an
851 496 962 559 Ltus
987 496 1112 559 nulsT.
1125 498 1279 572 Qum.
1299 495 1363 561 236

200 691 294 748 statur
315 686 449 762 antiquus
465 682 644 743 Tibulliauuc
665 682 741 743 ritae
754 688 869 745 auctor:
890 686 1036 765 „insignis
1049 687 1139 745 forma
1150 686 1287 763 cutisque
1300 706 1364 747 cor-

200 791 278 870 poris
301 786 516 848 observabilis.“
556 786 614 857 Qui
640 784 790 845 a'libullo
811 786 877 867 ipso
889 784 942 867 (4,
959 787 1088 867 1,196.)
1103 788 1364 847 mmbmeteoe-

200 912 268 951 rum
290 890 344 949 sibi
363 888 537 968 persuadent
553 888 742 967 descriptam,
762 887 909 947 falluntur.
946 888 1020 949 Vide
1035 890 1073 947 ad
1091 908 1155 949 eum
1171 889 1223 950 loc.
1235 890 1363 949 Broukb.

201 999 230 1053 et
243 992 356 1053 Disscn.
383 990 501 1067 Cruquii
519 995 614 1050 autem
631 988 796 1068 explicatio:
815 992 950 1068 formam
963 990 1132 1049 humanam
1139 1034 1153 1063 ,
1172 992 1363 1051 absurdacst.

200 1094 246 1155 cf.
268 1094 421 1155 Weichert.
442 1092 463 1153 l.
480 1090 499 1153 1.
520 1112 551 1171 p·
567 1092 639 1155 237.
655 1089 830 1153 etDoederl.
850 1092 921 1169 Syn.
934 1092 986 1156 111.
1011 1111 1040 1169 p.
1061 1092 1114 1157 26.

285 1195 320 1253 V.
335 1198 365 1256 7.
395 1195 442 1252 Di
463 1191 519 1250 tibi
538 1193 663 1252 divitias
684 1192 837 1251 dederunt.
874 1191 920 1253 De
935 1194 1039 1253 diuitiis
1054 1192 1312 1256 Tibuiiiauisvarie
1325 1198 1364 1256 ad

200 1296 275 1357 huuc
292 1299 386 1356 locum
409 1296 558 1375 disputant
579 1295 754 1355 Schmidius
774 1293 980 1373 Orelle'ueque,
1005 1297 1132 1373 itemque
1151 1296 1312 1357 Disaenius
1333 1298 1364 1357 iu

201 1398 257 1459 Vit
275 1397 344 1457 Tib.
364 1418 393 1476 p.
406 1397 487 1476 XV,
502 1396 674 1455 Paldamue
687 1398 717 1455 in
736 1394 841 1473 „Rdm
854 1396 976 1455 Erotik“
990 1417 1020 1475 p.
1038 1397 1090 1460 61.
1112 1404 1143 1457 et
1160 1398 1190 1457 iu
1201 1399 1363 1459 Zimmerm.

202 1500 340 1561 zeitschr.
358 1500 424 1559 f.d.
450 1498 664 1559 Alterumi‘
685 1500 779 1563 1887.
800 1522 831 1581 p.
846 1499 935 1573 936,
963 1499 1122 1577 Gruppius
1140 1500 1171 1559 in
1190 1501 1261 1561 libro
1277 1519 1364 1580 saepe

202 1602 319 1661 laudato
343 1622 373 1681 p·
394 1598 465 1663 255.
489 1598 560 1664 259.
585 1600 658 1663 391.
691 1601 737 1660 of.
765 1601 905 1660 Baebius
924 1601 955 1660 iu
976 1600 1088 1679 „Geist
1108 1603 1139 1665 d.
1153 1600 1240 1664 Rdm.
1260 1601 1364 1680 Eleg.“

202 1724 232 1785 p.
249 1704 311 1767 XV.
348 1700 393 1759 Dc
411 1700 463 1759 hac
484 1720 516 1759 re
536 1707 680 1762 vetustate
699 1703 802 1763 obruta
824 1704 862 1763 ob
876 1721 997 1779 eamque
1013 1722 1128 1763 causam
1145 1704 1307 1765 difficillima
1322 1706 1364 1765 sic

201 1806 268 1866 mibi
280 1804 464 1883 judicandum
481 1803 608 1876 videtur,
632 1802 786 1865 Horatium
800 1803 915 1865 Tibullo
929 1805 1041 1865 diuitias
1054 1805 1201 1882 tribuisse,
1223 1813 1364 1882 quatenus

201 1910 226 1967 is
248 1908 394 1987 praedium
409 1906 515 1964 avitum
536 1909 566 1962 et
588 1904 619 1961 id
635 1904 690 1963 boc
706 1907 820 1983 quidem
842 1913 970 1987 tenpore
983 1909 1144 1985 possederit
1161 1928 1220 1969 uon
1231 1910 1363 1974 accisum.

202 2010 305 2070 Cetera
320 2009 449 2067 nituntur
469 2007 638 2084 conjectura.
655 2040 693 2051 -
705 2017 858 2086 meamque
866 2008 1013 2089 fruendi,
1034 2010 1071 2067 de
1093 2010 1162 2086 buc,
1186 2009 1297 2086 qualem
1309 2010 1365 2069 sibi

202 2112 282 2173 unxit
296 2110 452 2187 Horab'us,
471 2110 603 2169 diruunt
622 2106 794 2181 Bentlejus,
819 2108 969 2183 Wcrlfires,
986 2110 1173 2169 Kircbnenie
1193 2112 1232 2169 ad
1247 2112 1310 2171 Sat.
1334 2111 1364 2187 1,

204 2215 233 2291 1,
246 2214 298 2277 88.
318 2230 428 2288 nosque
453 2212 509 2290 ipsi
530 2209 596 2270 olim
620 2210 708 2268 fusius
733 2212 771 2269 ad
790 2208 883 2288 Epist.
900 2211 937 2285 1,
954 2210 1012 2286 10,
1029 2207 1081 2272 44.
1100 2232 1129 2291 p.
1148 2215 1200 2276 72.
1239 2212 1284 2271 Ex
1297 2230 1364 2270 sen·

202 2315 293 2375 tentia
319 2316 360 2374 G.
375 2314 404 2371 J.
430 2312 530 2371 Vossii
547 2311 632 2387 (lnst
656 2311 744 2371 libet.
761 2310 783 2371 Ι.
816 2332 844 2391 p.
857 2310 926 2390 72.)
946 2310 1086 2372 Horatius
1108 2312 1154 2373 bic
1176 2314 1303 2374 imitatus
1317 2321 1364 2374 est

204 2414 407 2490 Menandrum,
427 2415 505 2492 cujus
518 2413 610 2473 locum
623 2415 823 2493 adscripsimus
836 2413 930 2493 Epist.
951 2414 980 2488 1,
993 2415 1029 2488 2,
1042 2414 1095 2477 60.
1112 2436 1142 2494 p·
1161 2416 1234 2479 176.
1262 2417 1310 2475 Cf.
1327 2418 1364 2477 de

203 2518 277 2578 vitae
299 2517 382 2577 bonis
405 2514 553 2577 Jamblich.
573 2518 612 2576 ad
627 2515 734 2576 Philus.
756 2515 873 2578 adhort.
893 2535 919 2575 c.
934 2516 983 2578 19.
1007 2536 1038 2595 p·
1056 2516 1129 2579 272.
1148 2516 1195 2575 ed.
1206 2517 1358 2597 Kiossiing.

203 2615 276 2681 Plat.
305 2618 341 2677 de
358 2617 452 2697 chg.
468 2620 499 2682 2.
526 2639 556 2698 p.
572 2618 645 2680 661.
664 2620 709 2679 ed.
733 2618 826 2678 Bekis·
848 2636 880 2695 p.
893 2616 965 2681 248.
979 2625 1010 2679 ct
1030 2618 1069 2675 cd
1087 2622 1178 2678 totam
1191 2624 1364 2683 sententium

204 2738 276 2797 quse
290 2725 491 2801 compararunt
505 2721 677 2779 Mitsclrerl.
695 2729 726 2780 et
745 2719 838 2782 Orell.
853 2720 892 2779 ad
903 2720 960 2779 Od.
976 2720 1007 2791 1,
1022 2721 1075 2797 21,
1090 2721 1140 2781 17.
1158 2722 1209 2783 18.

287 2822 324 2885 V.
339 2825 371 2886 8.
387 2824 417 2885 9.
454 2821 538 2900 Quid
557 2834 663 2881 voveat
686 2828 740 2882 etc.
779 2820 938 2879 Verborum
955 2821 1083 2879 ordinem
1104 2839 1139 2881 ex
1158 2830 1274 2904 recepta
1293 2826 1362 2883 scri-

203 2932 289 3005 ptura
302 2922 487 2995 Lambinus,
503 2924 674 2998 Bentlejus,
692 2924 738 2983 atii
752 2928 830 2982 reete
850 2923 891 2982 sic
903 2922 1096 2983 constituunt:
1115 2922 1292 2999 „Alumrio,
1308 2928 1363 3004 qui

203 3046 306 3104 supere
327 3037 354 3083 et
368 3028 436 3105 sari
450 3026 550 3104 poscit
569 3037 597 3083 ct
617 3026 669 3083 cui
682 3031 753 3102 etc,
779 3024 856 3103 quid
869 3022 1025 3081 nutricula
1038 3035 1118 3101 optet
1131 3025 1284 3095 majus?“
1307 3026 1361 3085 Et·

203 3128 277 3187 euim
300 3129 329 3187 in
345 3146 407 3187 voc.
425 3127 596 3185 nutriculae
616 3128 730 3187 candidi
749 3126 852 3185 amoris
872 3142 1056 3201 summaeque
1074 3127 1199 3186 cantatis
1213 3132 1259 3185 est
1272 3128 1363 3206 signi-

202 3230 314 3307 ficatio,
330 3248 404 3307 quae
418 3231 568 3289 adiuvatur
577 3228 714 3308 Epitheto
729 3228 823 3290 diilci.
864 3226 930 3286 Alia
943 3227 1084 3286 nutricum
1099 3234 1281 3306 matrumque
1294 3236 1364 3291 sota

204 3338 423 3393 commemorant
433 3331 547 3391 Persius
562 3334 592 3407 2,
609 3328 745 3393 31-40.
769 3330 848 3407 (ibiq.
860 3327 972 3389 Hautb.
986 3330 1170 3408 p.129.sqq.
1179 3329 1265 3412 133.)
1275 3333 1363 3391 etJu·

203 3434 309 3493 venalis
328 3435 386 3509 10,
404 3435 466 3499 289
481 3430 604 3497 -345,
621 3466 665 3477 -
700 3432 735 3491 V.
750 3434 782 3499 9.
808 3432 870 3510 Qui
890 3450 995 3509 supere
1017 3442 1045 3488 et
1058 3433 1128 3511 fari
1140 3436 1258 3510 possit,
1284 3452 1363 3513 quae

204 3537 320 3593 renuet.
356 3535 430 3594 Cum
444 3535 497 3595 boc
516 3537 579 3595 loco
592 3535 714 3595 Solauus
731 3531 1006 3613 compuratLuciau.
1025 3533 1062 3591 dc
1074 3534 1170 3599 saltat.
1185 3536 1238 3600 86.
1262 3534 1312 3616 (V.
1330 3554 1361 3613 p.

205 3632 274 3698 146.
286 3637 368 3716 Rip.)
411 3637 473 3699 Καὶ
492 3632 566 3719 ’ὅπερ
587 3634 811 3717 ὅΘουκυδίὸης
830 3633 900 3715 περὶ
921 3638 976 3697 τοῦ
992 3635 1175 3717 Περικλέους
1190 3634 1260 3715 ἔφη,
1276 3637 1359 3700 tuus·

203 3743 266 3801 vui
275 3735 329 3801 cdv
339 3734 446 3819 ἄνδρα,
457 3742 546 3803 τοῦτο
561 3738 612 3801 soi
627 3736 662 3803 cd
675 3744 732 3803 τοῦ
747 3732 897 3820 dunusci
911 3730 1077 3817 ἀκρότατον
1089 3732 1130 3800 dv
1143 3734 1294 3819 ἐγκώμιον
1304 3738 1362 3819 εἴη,

203 3841 318 3922 pacisci
331 3864 362 3903 τε
377 3838 414 3903 roi
430 3840 538 3905 δέοντα
555 3839 606 3903 sci
621 3840 805 3922 ἑρμηνεῦσαι
821 3834 908 3903 οὖτά.
930 3838 997 3919 Ipse
1012 3838 1301 3901 enimdcsel’erides
1314 3860 1362 3916 ap.

204 3942 432 4023 Tbueyd.2‚60·
446 3943 556 4005 Καίτοι
570 3942 637 4024 ἐμοὶ
650 3938 779 4029 τοιούτῳ
794 3938 884 4024 o’vdpi
898 3936 1064 4023 ὀργίζεσθε,
1077 3938 1112 4015 ὅς
1123 3936 1363 4021 οὕδενόςῆσσων

203 4044 306 4125 οἴομαι
322 4040 401 4108 εἶναι
414 4044 532 4126 γνῶναί
544 4068 576 4109 τι
589 4042 626 4109 τὰ
641 4040 751 4110 δεόντιι
766 4045 817 4109 sui
833 4045 1018 4127 ἑρμηνεῦσαι
1030 4048 1124 4107 ταῦτα
1138 4068 1167 4105 τι.
1182 4068 1208 4105 τ.
1224 4050 1252 4105 λ.
1284 4042 1363 4101 Cou-

204 4154 249 4207 ua
266 4148 303 4207 de
322 4148 459 4207 Cicerone
475 4146 595 4217 Quintil.
617 4147 689 4207 lust.
711 4148 770 4227 10,
793 4149 827 4224 1,
853 4148 923 4210 123.
953 4145 1042 4205 Sci'css
1063 4147 1269 4214 eumaerstire,
1284 4164 1363 4223 quae

202 4248 285 4307 dicit.
321 4250 414 4309 Seusu
433 4247 543 4327 uuigari
561 4250 621 4309 Cic.
633 4251 671 4311 de
687 4249 771 4311 Orat.
786 4250 816 4324 1,
829 4251 868 4325 8,
887 4248 940 4312 32.
964 4248 1048 4327 quod
1061 4248 1223 4324 exprimere
1236 4245 1364 4305 ἄιίτιιιὶο

202 4370 289 4411 suisa
298 4372 470 4430 poscumus.
503 4350 551 4416 Cf.
570 4351 639 4411 ibid.
664 4352 701 4429 1,
717 4345 776 4428 14,
787 4350 838 4415 63.

286 4453 322 4515 V.
335 4454 388 4515 10.
406 4454 459 4515 11.
494 4453 606 4512 Gratus
626 4486 669 4499 -
688 4450 856 4511 crumena?
887 4450 998 4509 Gratia
1018 4468 1054 4508 ex
1068 4454 1164 4507 mente
1187 4449 1362 4529 Doeriugii,

201 4556 246 4617 cui
266 4554 422 4617 assentitur
437 4553 611 4629 Hocbeder,
628 4553 740 4634 passive
751 4561 783 4615 et
798 4552 905 4629 sedne,
924 4552 962 4611 de
975 4570 1033 4629 qua
1049 4568 1082 4610 re
1098 4549 1206 4611 dubito.
1249 4551 1363 4611 Graue
