3450 5334
366 542 434 610 soe
477 542 761 610 coronarum
780 508 1011 609 nn'nonlnn
1030 542 1105 607 nra.
1120 546 1142 607 1.
1158 544 1284 609 misr.
1298 544 1411 609 surr.
1455 550 1524 617 126

367 736 493 819 aspexit,
514 740 653 815 qnantum
668 736 787 797 dimum
806 734 951 795 distenta
970 736 1082 815 petitis:
1104 734 1194 807 deicit,
1214 740 1325 795 matare
1343 735 1444 795 redeat
1452 733 1525 795 Vol-

367 840 465 901 tcins“
479 848 534 900 etc.
575 838 660 899 lianc
679 838 849 900 sententiam
869 844 984 917 praeter
1005 846 1118 899 ceteros
1137 856 1220 897 suam
1236 838 1345 899 iacirmt
1357 838 1524 909 Ducam,

369 942 529 1017 Ζωοὶίω,
548 941 717 999 norissimus
737 940 908 1018 Bipontinae
928 940 1033 1016 editor,
1053 958 1214 1017 quanquam
1234 941 1260 998 is
1278 941 1371 999 semel
1387 945 1418 1001 in
1434 943 1523 1001 textis

368 1045 458 1107 lrabet
478 1044 548 1123 (vid.
562 1044 691 1103 Schmid.
711 1044 742 1101 iu
758 1040 860 1119 „lup
875 1042 1029 1101 Schulzeit.
1052 1042 1146 1106 1828.
1166 1042 1205 1101 ll.
1228 1042 1273 1102 ch·
1289 1041 1367 1121 92).
1411 1042 1523 1101 Contra

371 1147 560 1208 Lambinum
572 1148 691 1226 primos,
709 1146 900 1223 quodecim,
921 1144 1077 1223 disputavit
1090 1144 1138 1202 Io.
1153 1144 1240 1201 Mor.
1257 1144 1398 1215 Marsico,
1418 1150 1525 1222 postea

368 1255 463 1326 acute,
482 1257 516 1311 nt
531 1249 617 1326 solet,
637 1246 810 1321 senilam,
830 1266 923 1325 aeque
938 1245 1086 1323 eleganter
1106 1253 1207 1305 contra
1227 1246 1396 1305 Decetiam
1419 1244 1524 1303 Sarao-

368 1354 482 1427 donuo,
500 1359 533 1412 ut
553 1350 625 1411 haec
646 1350 797 1430 explicatio
818 1366 873 1428 pro
895 1350 987 1425 ejecta
1006 1350 1100 1427 possit
1120 1348 1229 1408 haberi.
1273 1346 1357 1407 Adde
1379 1353 1409 1407 et
1435 1343 1524 1403 Orel-

369 1459 447 1518 lium
465 1454 561 1517 sobrie
582 1453 619 1514 de
638 1460 702 1513 toto
722 1452 788 1511 loco
806 1452 987 1529 judicantem.
1031 1448 1102 1527 Alii,
1121 1452 1170 1529 qui
1189 1450 1260 1510 illud
1285 1450 1348 1527 Qui
1365 1449 1402 1508 ad
1421 1447 1523 1508 Volte-

367 1561 428 1621 ium
454 1558 599 1632 referunt,
634 1553 732 1633 legant
758 1572 877 1612 necesse
905 1558 951 1611 est
973 1552 1062 1610 rediit
1081 1554 1265 1633 repetiitque.
1310 1553 1384 1611 Sunt
1412 1558 1522 1628 tamen,

369 1662 421 1741 qui
437 1663 479 1719 nti
492 1657 665 1733 Larsdbsus,
689 1656 853 1734 Onsquius,
872 1652 1050 1725 Marciliuo,
1071 1654 1252 1732 Deopresries
1266 1654 1366 1713 eadem
1380 1654 1524 1731 scriptura

369 1762 464 1822 simul
481 1762 568 1822 innixi
588 1758 660 1819 lraec
680 1757 787 1817 rectius
810 1756 922 1819 Horatii
942 1756 1031 1815 verba
1049 1757 1125 1834 apud
1143 1756 1340 1816 Maecenatem
1359 1756 1523 1836 perorantis

368 1868 401 1927 in
414 1866 486 1924 laec
503 1864 566 1923 iere
586 1863 756 1921 sententiam
776 1878 841 1919 esse
861 1859 983 1918 malunt:
1004 1862 1123 1937 „Quum
1143 1861 1265 1939 primum
1279 1859 1379 1938 aliquis
1393 1858 1522 1936 agnovit,

369 1972 509 2046 qnantum
529 1965 629 2025 relicta
647 1962 823 2042 praecellant
842 1963 1021 2040 concupitis,
1051 1961 1105 2020 is“
1126 1968 1181 2021 etc.
1204 1960 1268 2038 vel,
1300 1962 1378 2039 quod
1399 1962 1522 2037 mireris,

368 2068 408 2129 de
429 2069 573 2128 sententia
585 2065 743 2125 Marcilii:
762 2062 948 2143 „Sriuiliten
966 2064 1136 2142 quicumque
1156 2066 1268 2144 aspexit
1288 2064 1474 2123 mutationem
1492 2063 1523 2121 in

368 2174 463 2252 pejus,
483 2170 534 2230 is“
553 2176 611 2230 etc.
652 2168 757 2246 Neque
778 2166 874 2227 locum
892 2166 1099 2226 sollicitandum
1117 2174 1215 2227 censet
1239 2168 1357 2226 Cottius
1376 2164 1399 2225 l.
1419 2166 1456 2243 l.,
1477 2166 1522 2225 cui

369 2272 464 2333 οιὶιιιιὶ
481 2279 543 2333 est:
565 2270 633 2347 „Et
652 2270 717 2347 ille,
738 2269 787 2347 qui
806 2268 936 2348 aspexit,
957 2288 1062 2349 nempe
1082 2288 1139 2347 ego
1145 2308 1157 2345 ,
1178 2269 1226 2347 qui
1245 2269 1343 2348 aspexi
1364 2300 1408 2315 -·
1426 2270 1473 2327 lac
1489 2274 1522 2328 ut

369 2374 521 2436 redeam.“
561 2371 620 2432 Ubi
639 2372 670 2430 in
686 2368 821 2447 ambiguo
839 2376 896 2448 est,
918 2377 1011 2429 utrnrm
1033 2372 1091 2431 sint
1109 2370 1198 2430 verba
1215 2370 1319 2432 Menae
1339 2390 1377 2431 an
1396 2370 1521 2435 Horatii.

368 2478 473 2539 Mirum
504 2494 574 2535 sane
603 2474 775 2532 sententiam
802 2490 855 2531 sua
879 2472 933 2531 sibi
957 2472 1081 2533 lectione
1109 2474 1191 2551 Quin
1216 2474 1312 2532 siaul
1328 2510 1371 2520 —
1391 2470 1522 2532 relicta?

369 2577 543 2656 excogitavit
564 2575 786 2634 Britannicam
818 2574 893 2652 „Ex
914 2594 971 2653 quo
992 2575 1079 2635 Mena
1097 2577 1249 2655 cognovit,
1270 2584 1406 2655 quantum
1426 2572 1521 2646 excel-

368 2680 495 2740 lentiora
513 2679 573 2736 sint
591 2676 710 2735 dimissa
729 2675 828 2756 petitis
848 2684 921 2756 etc,
956 2696 1006 2736 cur
1027 2694 1086 2738 non
1106 2684 1217 2739 mature
1237 2679 1337 2739 redeat
1357 2686 1388 2738 ct
1407 2685 1522 2757 repetat

367 2779 519 2843 relictal“
533 2778 595 2838 Sed
609 2777 702 2858 piget,
721 2776 796 2836 tales
813 2796 905 2856 nugas
924 2778 1044 2857 amplius
1063 2780 1184 2856 referre,
1204 2780 1309 2841 nedum
1328 2788 1362 2841 nt
1380 2779 1520 2840 refellam

367 2884 410 2945 At
429 2880 555 2943 clausula
572 2882 749 2941 sententiose
767 2881 952 2961 pronuntiata
968 2886 999 2940 et
1017 2880 1073 2961 ipsi
1088 2882 1236 2963 Epistulae
1259 2890 1291 2944 et
1317 2884 1433 2961 ingenio
1457 2880 1519 2945 Ho-

369 2986 436 3047 ratii
459 2984 580 3044 maxime
609 2990 802 3043 consentanea
831 2990 888 3045 est.
929 2982 1035 3043 Similis
1057 2983 1161 3063 legitur
1180 2987 1211 3046 iu
1228 2984 1322 3068 Epist.
1345 2982 1399 3062 14,
1418 2980 1461 3047 13
1474 3002 1520 3062 sq.

371 3083 474 3148 Sami
491 3086 579 3165 igitur
600 3089 634 3142 nt
655 3083 715 3144 od.
736 3080 774 3162 4,
795 3082 833 3162 3,
853 3087 884 3150 1.
925 3082 1022 3167 Epist.
1046 3088 1084 3164 1,
1108 3089 1146 3164 2,
1167 3085 1221 3151 69.
1264 3086 1438 3163 Benth'us,
1471 3087 1519 3165 qni

368 3187 493 3267 explicat
519 3186 625 3263 „Qui
644 3188 783 3265 primum
801 3188 939 3264 aspexit,
973 3189 1033 3249 sive
1059 3188 1102 3247 Ut
1116 3190 1253 3269 primwn
1272 3192 1342 3270 quis
1361 3190 1519 3267 aspcxr'tf‘

368 3295 517 3370 comparat
535 3288 572 3349 Δ.
593 3288 630 3349 Ρ.
649 3288 724 3352 331.
745 3294 777 3347 ct
792 3288 888 3367 Epist.
911 3291 949 3366 1,
971 3289 1034 3369 10,
1056 3290 1126 3364 17.;
1154 3292 1207 3353 sed
1227 3294 1407 3370 accuratius,
1435 3290 1519 3369 liujus

368 3392 427 3453 loci
445 3410 505 3452 non
520 3392 680 3469 immemor,
700 3390 737 3450 de
755 3386 809 3448 lsac
827 3388 967 3469 particula
987 3392 1048 3470 egit
1068 3392 1208 3453 Bachaias
1227 3396 1265 3456 ad
1279 3396 1363 3456 Ovid.
1377 3394 1449 3455 Met.
1466 3393 1518 3471 13,

370 3496 443 3559 101.
471 3526 516 3540 -
541 3493 580 3553 V.
598 3493 653 3555 98.
694 3490 742 3552 Ad
760 3494 931 3553 sententiam
950 3513 978 3553 v.
1000 3491 1052 3559 42.
1074 3497 1213 3557 Parvum
1228 3518 1332 3577 pam
1351 3496 1457 3556 dmm
1473 3497 1518 3556 in.

368 3596 495 3657 doum
513 3614 606 3676 prope
626 3598 737 3657 accedit
755 3594 824 3656 illud
844 3594 967 3655 Phaedri
990 3598 1019 3672 1,
1040 3596 1073 3673 8,
1095 3602 1125 3665 2.
1148 3598 1229 3679 (rbiq.
1255 3597 1415 3681 Schwab.):
1440 3598 1519 3657 Suo-

368 3718 429 3779 que
444 3700 547 3777 petrico
563 3696 672 3757 hobus
690 3699 787 3758 uriam
805 3697 932 3777 degere,
966 3698 1035 3758 illud
1056 3700 1204 3761 Ciceronis
1223 3702 1261 3763 de
1285 3701 1372 3762 offic.
1395 3703 1434 3779 1,
1464 3700 1519 3777 31,

371 3802 445 3866 110.
463 3820 518 3858 nos
538 3798 640 3857 εἰκὼ
661 3808 765 3858 nostra
784 3810 904 3859 mouns
924 3810 1052 3859 musmo
1071 3802 1179 3883 regula
1199 3804 1377 3879 matriacum
1410 3800 1520 3863 Lucani

367 3906 408 3980 8,
437 3902 512 3969 527.
538 3900 623 3981 (aliq.
641 3899 752 3981 Beotl)
793 3902 902 3961 Meuia·
923 3922 980 3963 oua
996 3922 1092 3985 regna
1110 3904 1193 3964 decet
1210 3906 1347 3986 utresque
1360 3906 1469 3985 fateri,
1489 3910 1520 3963 et

368 4007 498 4065 Senecae
517 4004 554 4063 de
576 4004 622 4064 lm
640 4003 680 4078 8,
710 4003 741 4064 7·
788 4004 909 4080 Quoties
928 4008 1051 4088 alequid
1067 4006 1242 4078 conaberis,
1277 4018 1307 4066 te
1326 4007 1418 4066 εὑπιιὶ
1438 4017 1466 4064 ct
1484 4026 1520 4064 sa

370 4128 448 4187 quae
462 4126 559 4186 paras
574 4103 740 4185 quoiusque
753 4110 894 4185 pararis,
914 4111 978 4187 apae
992 4112 1108 4181 merie,
1127 4108 1196 4169 illnd
1208 4107 1326 4170 Luciani
1340 4108 1444 4191 (lmag·
1455 4110 1520 4189 21.)

368 4212 563 4297 παραμετρῇς
590 4211 633 4293 τῷ
652 4206 754 4291 olselp
781 4206 879 4290 pison
907 4204 1066 4294 ἑκάτερον,
1098 4210 1147 4271 nbi
1166 4210 1295 4272 Iteitxius
1324 4212 1400 4271 hunc
1426 4210 1520 4272 locum

369 4320 517 4391 comparat
535 4328 593 4371 oua
612 4328 678 4369 curn
697 4310 822 4369 dictione
836 4302 1013 4395 ἆναμετριῖν
1030 4308 1139 4377 ἔαυτόν
1157 4332 1204 4393 ap.
1225 4312 1371 4392 loseph.
1391 4316 1422 4373 in
1435 4312 1519 4372 Avib.

305 4469 309 4476 .
367 4434 398 4493 p.
417 4414 491 4478 590.
517 4421 549 4473 et
575 4417 693 4495 μετρεῖν
713 4411 748 4475 lv
766 4410 885 4487 ἑαυτοῖς
905 4410 1032 4489 deurode
1059 4434 1107 4495 ap.
1128 4415 1211 4476 Paul.
1233 4416 1264 4474 iu
1284 4414 1376 4493 Epist.
1398 4414 1438 4472 ad
1458 4412 1519 4473 Co-

367 4514 455 4573 rnua
475 4518 508 4591 2,
529 4516 581 4593 10,
601 4518 651 4582 12.
694 4512 778 4574 lude
797 4513 882 4575 Pina.
896 4514 982 4593 Pyta
1000 4518 1033 4593 2,
1054 4512 1106 4580 34.
1148 4516 1272 4597 spretae
1291 4514 1416 4577 Ducem
1436 4517 1468 4592 1,
1486 4516 1520 4590 2,

370 4613 422 4678 10.
466 4614 547 4674 Cort.
567 4618 606 4676 ad
625 4612 781 4693 Lama,
800 4615 875 4681 346.
898 4624 928 4679 et
947 4618 985 4678 ad
997 4616 1070 4678 Sall.
1083 4617 1148 4681 cat
1163 4620 1218 4699 81,
1235 4624 1266 4687 2·
1280 4616 1361 4698 (rbiq.
1375 4614 1521 4694 Herzog.)
