3450 5334
341 517 405 583 332
462 514 748 579 conflammari
764 513 988 580 INHORATII
1002 514 1075 578 LlB.
1086 516 1110 577 1.
1129 514 1254 580 EPiST.
1268 516 1382 578 SEXT.
1462 520 1505 582 60

341 728 482 767 venemur
500 710 587 784 idque
607 707 637 765 in
658 707 733 781 soro,
754 726 805 765 seu
821 726 998 786 quocumque
1017 709 1081 767 loco
1098 709 1205 786 pisces,
1224 707 1287 784 apri
1309 710 1363 763 etc.
1387 723 1502 763 veniun-

341 813 453 885 dautur,
477 812 514 867 ad
539 809 696 887 exemplmn
718 808 836 885 Gargilii
856 808 941 885 illius,
965 811 1012 886 qui
1032 828 1086 888 pro
1108 827 1161 865 sua
1182 808 1302 866 mollitie
1324 814 1354 867 et
1376 809 1503 865 vanitate

340 913 518 970 venationem
543 912 684 971 simulavit
710 929 864 991 aprumque
889 912 966 970 emit.
1023 911 1107 969 Solet
1136 917 1231 969 autem
1256 911 1329 969 Hor.
1360 912 1502 968 interdum

340 1015 500 1073 sententiae
524 1034 594 1071 suae
617 1014 774 1073 immiscere
798 1013 1039 1090 narratiunculas,
1085 1034 1157 1093 quae
1186 1020 1218 1072 ut
1243 1014 1300 1071 suis
1325 1014 1501 1071 circumscri-

340 1117 443 1174 bantur
466 1116 601 1205 limitibus
621 1134 796 1195 magnopere
824 1117 979 1174 curandum
1005 1122 1060 1191 est,
1084 1123 1117 1174 ut
1136 1135 1163 1173 v.
1191 1118 1241 1178 21.
1269 1117 1319 1178 22.
1364 1114 1449 1193 Epist
1468 1119 1500 1193 7,

341 1217 381 1282 14
402 1238 468 1296 sqq.
489 1220 532 1281 50
554 1238 619 1295 sqq.
649 1220 706 1293 15,
732 1219 773 1282 26
794 1237 859 1295 sqq.
891 1220 946 1293 17,
974 1216 1015 1279 55
1040 1237 1104 1295 sqq.
1128 1218 1187 1292 18,
1218 1216 1256 1278 15
1278 1236 1342 1293 sqq.
1370 1218 1413 1279 30
1433 1237 1501 1297 sqq.

342 1321 393 1396 19,
417 1320 456 1382 15
481 1340 546 1397 sqq.
570 1324 601 1393 2,
626 1321 658 1393 2,
680 1320 720 1382 26
743 1337 808 1397 sqq.
833 1322 876 1382 87
893 1339 959 1397 sqq.
1002 1319 1126 1376 Similem
1149 1324 1243 1377 autem
1264 1318 1359 1377 dolum
1385 1340 1501 1400 compu-

339 1427 385 1481 rat
403 1422 499 1481 Beier.
520 1423 559 1480 ad
580 1424 642 1481 Cic.
663 1421 750 1480 Offic.
772 1422 813 1496 3,
838 1420 896 1497 14,
924 1421 975 1483 58.
1018 1422 1091 1481 Rem
1112 1420 1204 1500 ipsam
1227 1422 1322 1497 tetigit
1345 1422 1502 1503 Klqspgen

339 1524 377 1582 de
403 1522 566 1581 Venatum
590 1525 741 1581 Romaiu
767 1525 894 1583 solemni
916 1526 946 1581 in
967 1524 1147 1581 Bidermauni
1170 1522 1277 1580 Select.
1299 1521 1442 1583 Scholast.
1458 1524 1499 1602 Π,

339 1630 370 1691 2.
393 1646 423 1704 p·
445 1626 518 1687 760.
561 1627 670 1685 Nescio
692 1632 805 1703 autem,
826 1648 877 1685 cur
902 1625 1078 1704 Gargilium
1098 1626 1200 1699 istum,
1223 1623 1364 1683 hominem
1387 1626 1501 1687 aliunde

338 1730 489 1806 ignotum,
524 1730 612 1787 faciat
643 1732 766 1806 equitem
789 1729 958 1789 Romanum.
1002 1728 1245 1786 Commemoratur
1277 1726 1311 1785 0.
1340 1729 1501 1808 Gargilium

338 1830 481 1887 Haenwn
508 1828 584 1889 filius
604 1829 716 1890 Proculi
736 1830 861 1909 Philugri
890 1832 944 1889 divi
969 1827 1090 1907 Augusti
1118 1827 1237 1887 libertus
1264 1829 1293 1887 iu
1315 1831 1402 1891 inser.
1428 1853 1499 1910 qua-

338 1935 403 1993 dam
422 1931 459 1990 ab
485 1932 629 2005 Oeamw,
665 1933 700 1991 V.
725 1934 789 2010 ct,
824 1935 853 1992 iu
876 1934 978 1992 Zimm.
1000 1929 1168 1990 Zeitschril't
1189 1935 1243 1987 etc.
1267 1930 1350 1994 1835
1371 1955 1401 2012 p.
1425 1935 1499 2000 289.

338 2036 487 2114 explicata.
532 2036 668 2095 Ceterum
694 2037 732 2093 ad
757 2056 786 2093 v.
809 2035 862 2098 56.
897 2038 935 2094 ad
968 2034 1116 2093 formulam
1140 2030 1212 2090 bene
1237 2044 1343 2090 coenet
1363 2038 1502 2095 Muretus

336 2138 431 2216 (Opp.
451 2136 503 2197 111.
525 2158 555 2215 p.
580 2135 667 2216 531.)
686 2138 799 2195 confert
822 2136 952 2195 Platonis
975 2130 1106 2216 εὐωχίαν
1126 2130 1209 2217 nequi
1229 2130 1265 2197 cd
1287 2125 1322 2196 sd
1344 2136 1429 2216 ἔχειν.
1455 2170 1500 2185 -

336 2240 371 2299 V.
393 2241 445 2301 57.
467 2258 567 2301 niune.
609 2237 704 2299 Prima
732 2239 845 2317 quidem
873 2242 937 2300 luce
972 2247 1091 2299 venatos
1117 2258 1183 2297 esse
1208 2243 1322 2295 veteres
1352 2239 1499 2300 Romanos

336 2346 479 2400 testantur
506 2340 562 2399 loci
587 2360 606 2398 a
627 2340 825 2400 Wernsdorfio
848 2344 886 2401 ad
912 2341 994 2398 Grai.
1019 2342 1128 2418 Cyneg.
1159 2340 1230 2405 223.
1261 2343 1291 2396 et
1316 2342 1353 2398 ad
1375 2341 1497 2402 Nemes.

337 2442 448 2519 Cyneg.
476 2438 550 2506 324.
579 2442 674 2519 citati,
713 2442 750 2500 ef.
775 2440 872 2500 Schm.
898 2443 936 2500 ad
960 2441 988 2499 h.
1013 2440 1051 2517 l.,
1097 2442 1149 2499 sed
1175 2441 1312 2500 Horatius
1337 2462 1396 2500 non
1417 2446 1497 2521 dicit,

336 2544 494 2621 Gargilium
520 2562 603 2603 mane
631 2550 764 2601 venatum
788 2544 883 2602 exisse
911 2548 942 2601 et
970 2562 1075 2620 paucus
1095 2550 1165 2623 post
1190 2543 1275 2601 horas
1299 2543 1384 2622 pleno
1412 2548 1500 2607 etiam

335 2652 404 2704 tunc
427 2643 572 2703 hominum
592 2646 656 2703 foro
677 2646 797 2721 redisse,
822 2650 855 2703 ut
882 2644 1032 2723 opinantur
1050 2643 1246 2716 Saturionem,
1273 2644 1420 2718 oremus,
1440 2649 1498 2725 ulii,

335 2765 429 2823 neque
458 2764 523 2804 eum
542 2746 665 2823 jussisse
692 2766 782 2802 neone
801 2766 903 2805 servos
929 2766 997 2805 suos
1019 2765 1082 2804 cnm
1102 2752 1240 2824 apparatu
1261 2751 1408 2807 venatorio
1433 2749 1498 2828 ple-

335 2870 402 2908 num
431 2850 524 2908 sorum
550 2850 674 2907 transire
704 2849 740 2905 ad
764 2868 865 2927 apnun
890 2868 975 2908 unum
997 2867 1115 2925 eumque
1140 2852 1265 2927 emptum
1287 2853 1401 2927 vesperi
1419 2854 1497 2910 refe-

334 2954 474 3027 rendum,
505 2958 538 3011 ut
557 2952 783 3029 interpretantur
807 2953 976 3029 Ducerius,
1009 2952 1178 3021 Gesner-us,
1200 2949 1327 3010 Daruus
1336 2996 1348 3023 ,
1371 2956 1438 3031 sed,
1463 2960 1497 3013 ut

334 3062 414 3114 recte
436 3056 509 3113 vidit
529 3053 687 3123 Bentlejus
714 3054 815 3132 (atque
835 3057 997 3135 approbant
1017 3052 1097 3129 Fea,
1135 3052 1279 3129 Groebel‚
1312 3054 1495 3134 clament),

335 3159 492 3237 Gargilium
516 3178 606 3215 noane
625 3157 687 3216 sive
707 3162 777 3215 ante
796 3158 942 3217 meridiem
961 3156 1049 3234 pleno
1070 3161 1130 3213 tum
1148 3157 1212 3214 soro
1238 3174 1256 3213 a
1277 3160 1425 3217 venatione
1446 3178 1495 3217 re-

333 3262 429 3337 disse,
463 3262 505 3319 ita
533 3266 566 3320 nt
585 3261 719 3338 jusserit,
741 3277 842 3317 servos
866 3278 919 3338 per
942 3260 1036 3317 forum
1057 3258 1198 3333 transire,
1223 3264 1255 3316 ut
1279 3259 1387 3337 populo
1408 3279 1494 3337 spec-

333 3370 413 3422 tante
435 3363 526 3421 mulns
549 3382 648 3442 aprum
672 3363 804 3421 referret.
849 3362 970 3432 Quando
994 3361 1108 3435 exierit,
1142 3376 1279 3435 quaerere
1299 3361 1345 3419 hic
1369 3380 1428 3419 nou
1448 3366 1494 3420 at-

333 3468 424 3541 tinot‚
444 3484 605 3543 quanquam
625 3464 689 3521 Fea
709 3466 747 3522 de
768 3469 909 3521 nocturna
930 3482 1064 3542 aprorum
1086 3463 1237 3521 venatione
1258 3462 1355 3522 laudat
1379 3464 1437 3522 Od.
1463 3466 1493 3541 1,

335 3572 365 3645 1,
380 3568 430 3633 25.
474 3568 536 3627 Sat.
558 3572 590 3644 2,
609 3567 641 3640 8,
662 3563 734 3628 234.
749 3598 793 3610 -
805 3564 936 3641 plagas,
957 3563 1123 3635 venabula,
1143 3585 1241 3624 servm
1269 3566 1410 3623 Tiansire
1421 3562 1493 3638 jub.

331 3669 667 3749 dicitur,utap.V1rg.
690 3663 763 3725 Aen.
786 3664 1016 3745 4,131.(ibiq.
1042 3665 1146 3745 Wagn.
1170 3674 1199 3727 et
1223 3666 1357 3745 Forbig.)
1401 3668 1494 3726 Retia

330 3794 423 3847 rura,
450 3770 589 3850 plagae,
625 3769 688 3827 lato
715 3766 869 3827 venabula
894 3770 978 3847 serro
1000 3770 1190 3849 MassyliqM
1215 3780 1308 3827 ruunt
1330 3772 1443 3848 equites
1466 3781 1495 3829 et

330 3872 425 3933 odora
449 3893 561 3931 cunum
588 3873 645 3931 vis.
690 3870 737 3931 De
761 3872 811 3931 tali
842 3878 983 3950 apparatu
1004 3872 1088 3931 Grat.
1112 3873 1220 3949 Cyneg.
1246 3874 1318 3937 218.
1351 3892 1406 3929 nec
1433 3870 1495 3929 sihi

330 3977 452 4036 turbam
474 3976 631 4034 &tamarit
655 3976 791 4031 comitem
817 3992 873 4029 nec
898 3993 974 4030 uersu
995 3976 1124 4031 tenentia
1145 3973 1250 4051 louge,
1286 3972 1334 4032 ubi
1355 3975 1490 4033 Wernsd.

328 4086 445 4160 praeter
466 4079 542 4137 huuc
560 4076 655 4136 lomim
673 4076 771 4134 laudat
790 4076 910 4134 Nemes.
927 4077 1037 4152 Cyneg.
1053 4076 1124 4137 300.
1170 4075 1256 4134 Ovid.
1273 4074 1344 4134 Met.
1361 4079 1392 4152 7,
1415 4076 1489 4142 806.

412 4180 448 4239 V.
468 4180 520 4243 59.
554 4177 721 4259 Differtum
733 4179 851 4255 sorum,
874 4183 906 4237 ut
919 4176 1096 4256 frequentes
1114 4176 1175 4235 vici
1192 4178 1339 4255 etsorum
1346 4179 1492 4257 frequens

327 4302 375 4362 ap.
392 4281 457 4342 Liv.
483 4282 534 4359 10,
558 4283 609 4356 11,
634 4284 663 4343 1.
685 4277 737 4358 (ibi
758 4279 906 4359 Rupert.),
927 4280 1027 4357 quibus
1049 4278 1142 4337 verbis
1162 4280 1243 4337 notio
1262 4279 1412 4358 singularis
1429 4298 1490 4356 po-

323 4384 395 4461 puli
413 4384 609 4461 subjungitur,
631 4388 665 4442 ut
683 4383 740 4444 0d.
761 4382 800 4459 3,
822 4384 858 4457 6,
882 4386 932 4445 20.
955 4379 1056 4437 eludes
1071 4378 1111 4435 In
1129 4382 1265 4457 patrium
1284 4382 1492 4460 populumque

318 4486 418 4563 struxit
435 4490 465 4544 et
485 4485 550 4544 Juv.
574 4487 613 4561 1,
649 4486 701 4550 72.
718 4504 777 4562 per
797 4484 920 4563 faucum
940 4493 969 4539 et
983 4480 1146 4559 populum.
1191 4483 1299 4541 Similia
1322 4482 1491 4560 collegimus

325 4588 363 4647 ad
385 4584 480 4663 Epist.
500 4588 531 4662 1,
551 4588 583 4664 2,
604 4586 656 4648 60.
704 4586 847 4657 Ouwens,
869 4586 914 4645 cui
933 4583 1020 4645 dictio
1041 4589 1087 4643 est
1106 4586 1182 4644 idem
1205 4587 1283 4663 quod
1297 4586 1406 4665 sorum
1422 4582 1491 4663 def·
