3450 5334
362 515 429 585 634
479 513 767 581 comNTtRu
786 516 833 580 IN
852 514 1025 581 nonum
1045 516 1122 581 LIB.
1134 518 1159 580 1.
1172 516 1298 583 EPIST.
1310 520 1445 599 SEU..
1489 526 1533 593 62

361 708 506 769 lavatione
525 706 690 787 paraverint
709 724 768 765 non
787 710 848 765 tam
866 706 1071 784 concoctionis,
1092 708 1137 767 cui
1156 708 1345 788 perniciosam
1366 729 1433 771 esse
1451 712 1533 773 lava-

362 812 474 871 tionem
495 816 610 869 eonstet
634 828 720 889 quam
738 808 894 866 munditiae
920 826 1007 867 eausa
1026 810 1065 867 ad
1089 808 1262 888 abigendum
1281 811 1326 870 vel
1350 813 1532 875 minuendum

363 916 503 990 odorem,
532 913 581 990 qui
602 911 657 971 sub
677 910 730 969 alis
750 914 904 986 nascatur,
932 911 962 969 in
983 928 1069 987 quam
1091 930 1151 971 rem
1171 912 1256 973 affert
1275 914 1357 973 locos
1378 919 1417 976 ad
1435 916 1531 995 Epist.

364 1020 395 1092 1,
415 1015 447 1092 5,
469 1014 521 1079 29.
542 1013 686 1075 laudatos.
726 1012 774 1073 De
794 1012 849 1071 luae
864 1012 979 1089 quidem
996 1030 1029 1071 re
1047 1012 1158 1089 dubito,
1180 1015 1217 1073 de
1236 1014 1285 1075 illa
1305 1019 1448 1078 assentior
1460 1018 1530 1078 Viro

361 1118 542 1195 doctissimo,
561 1118 758 1177 assentiuntur
776 1114 891 1189 medici,
912 1133 999 1192 quum
1016 1112 1085 1173 talia
1104 1114 1207 1176 balnea
1226 1120 1264 1179 ad
1285 1122 1465 1181 excitandum
1487 1121 1530 1181 ci·

361 1218 463 1280 bonnm
482 1222 642 1299 appetitum
660 1222 827 1297 comparata
840 1218 1020 1293 existimant,
1050 1218 1108 1277 vid.
1134 1218 1174 1277 G.
1199 1222 1246 1279 H.
1263 1220 1365 1279 Rider
1383 1225 1413 1283 in
1434 1224 1529 1303 Ency.

361 1322 438 1401 olop.
458 1322 579 1383 Halens.
599 1321 661 1381 Vll.
682 1341 713 1400 p.
735 1321 787 1384 51.
831 1318 992 1381 Praeterire
1014 1326 1111 1381 tamen
1130 1340 1253 1399 nequeo,
1273 1322 1347 1401 aliis,
1365 1329 1398 1382 ut
1424 1326 1529 1391 Θείαν.

361 1426 501 1484 Ferraria
529 1426 573 1506 (un
595 1422 752 1485 Ilissertat¹
774 1424 814 1481 de
838 1422 923 1482 Baln.
943 1442 973 1502 p.
999 1426 1030 1487 8.
1054 1426 1100 1484 ed.
1121 1420 1267 1503 Febrim),
1293 1424 1474 1487 Burmanni>
1491 1430 1529 1489 ad

359 1526 482 1588 Petron.
504 1529 555 1592 41.
577 1532 608 1586 et
633 1522 912 1598 praestimonio,
933 1526 989 1604 ipsi
1008 1528 1119 1587 medico
1145 1524 1279 1604 („Ueber
1299 1529 1346 1587 die
1366 1529 1464 1591 B‘ider
1476 1532 1528 1591 des

360 1628 564 1690 Altertlrnms“
581 1626 702 1709 poa),
728 1628 802 1688 hane
822 1627 916 1687 alieno
938 1632 1069 1706 tempore
1092 1627 1211 1687 balineis
1230 1630 1398 1692 ardentibus
1416 1634 1528 1693 lavandi

359 1735 596 1793 consuetudinem
615 1750 635 1790 a
656 1730 719 1790 sola
737 1730 785 1791 vel
803 1729 884 1789 eibos
906 1728 1074 1791 conficiendi
1093 1730 1141 1790 vel
1161 1734 1330 1794 cruditatem
1351 1741 1382 1795 et
1403 1735 1524 1797 ebrieta-

358 1842 420 1896 tem
441 1836 612 1895 discutiendi
632 1852 719 1893 eausa
737 1836 924 1913 repetendam
945 1832 1046 1891 videri.
1092 1833 1139 1891 Cf.
1162 1834 1324 1897 Heinrich.
1346 1840 1382 1897 ad
1408 1839 1472 1898 Juv.
1497 1841 1525 1917 1,

361 1933 434 2005 142.
441 1978 453 2015 ‚
491 1938 540 2017 qui
570 1936 687 2015 ablegat
714 1938 754 1997 ad
790 1933 1006 2016 Writenbaek.
1038 1932 1187 1996 Animadv.
1220 1938 1249 1997 in
1280 1938 1425 2001 Plutum.
1450 1940 1474 1999 l.
1494 1960 1525 2019 p.

358 2040 433 2105 826.
476 2038 524 2099 Ile
544 2046 674 2119 tempore
695 2045 791 2098 antem
810 2039 896 2120 paulo
920 2044 987 2097 ante
1008 2055 1126 2097 coenam
1148 2034 1260 2099 lavandi
1281 2040 1408 2119 legitimo
1429 2043 1525 2121 dispu-

357 2150 402 2206 tat
427 2143 551 2205 Becker.
575 2144 612 2201 ad
636 2140 712 2199 Gall.
734 2142 772 2201 Π.
794 2161 824 2220 p.
847 2135 890 2201 49
911 2158 978 2217 sqq.
999 2156 1122 2215 quocum
1147 2142 1183 2201 cf.
1214 2142 1337 2223 Rupert.
1368 2148 1398 2203 et
1426 2142 1522 2204 lleinr.

357 2246 397 2305 ad
426 2246 491 2305 Jur.
518 2247 577 2321 11,
620 2241 693 2310 204.
719 2251 751 2303 et
773 2243 925 2322 Bittigo.
953 2238 1131 2301 Aldobrand.
1156 2242 1266 2305 llocluz.
1300 2264 1332 2325 p.
1364 2246 1424 2312 152
1459 2262 1521 2322 sqq.

356 2346 489 2408 laudatus
509 2346 546 2404 ab
568 2345 749 2404 Heinrioluio
769 2346 809 2404 ad
828 2345 893 2404 Juv.
917 2344 949 2421 3,
975 2343 1047 2409 261.

442 2450 481 2509 V.
493 2449 545 2513 62.
594 2446 679 2523 Quid
697 2443 959 2509 deceat—obliti.
1000 2445 1094 2507 Recte
1114 2448 1229 2525 quidem
1250 2448 1422 2507 Doceriaa:
1444 2446 1522 2525 „Car

359 2571 409 2613 ees
433 2550 516 2609 bains
541 2550 627 2628 apres
652 2550 680 2609 le
699 2568 786 2629 repas
814 2550 922 2609 etoient
941 2566 1001 2607 non
1022 2548 1180 2609 seulement
1208 2556 1307 2608 contre
1331 2551 1360 2610 la
1383 2550 1522 2627 edutume,

357 2656 430 2715 nisis
452 2654 530 2712 aussi
552 2659 653 2712 contre
673 2651 717 2711 les
744 2651 856 2711 bonnes
880 2649 1031 2725 moeurs,“
1051 2650 1125 2709 haud
1147 2652 1207 2709 scio
1230 2658 1343 2729 tamen,
1372 2672 1409 2713 au
1435 2652 1522 2712 Poeta

357 2765 389 2818 et
412 2756 468 2815 alia
494 2756 634 2833 quaedam
660 2771 783 2835 spurca,
819 2753 857 2812 ad
882 2770 956 2831 qnae
981 2750 1113 2810 facienda
1140 2752 1243 2813 talibus
1268 2752 1428 2813 hominibus
1451 2772 1521 2833 opus

357 2865 438 2918 esset
462 2858 578 2917 sordido
603 2858 772 2934 ministerio,
797 2852 961 2932 significare
981 2854 1111 2916 voluerit.
1153 2856 1228 2917 Rem
1257 2857 1430 2916 obscoenam
1449 2855 1521 2914 illam

357 2962 473 3039 quidem
493 2960 640 3039 eleganter
659 2959 836 3019 illustrarunt
855 2956 1017 3037 Baetogrer.
1037 2959 1067 3017 in
1088 2956 1188 3017 Sabin.
1212 2980 1243 3039 p.
1264 2960 1306 3023 35
1328 2978 1373 3038 sq.
1401 2966 1431 3020 et
1452 2958 1522 3016 Sea-

356 3062 463 3121 lodoin
488 3064 519 3121 in
543 3060 734 3140 „Seholien“
758 3070 814 3123 etc.
839 3080 871 3139 p-
892 3061 945 3124 21·
999 3058 1047 3119 Cf.
1072 3058 1312 3120 Woelelhauoen
1334 3060 1354 3119 l.
1375 3060 1397 3120 l.
1418 3080 1448 3140 p.
1470 3060 1519 3123 63.

357 3173 388 3225 et
407 3163 480 3225 Plin.
501 3166 539 3226 Η.
561 3166 603 3225 Ν.
628 3159 685 3241 14,
707 3166 760 3230 22.
802 3160 849 3221 An
869 3160 1035 3241 improbans
1054 3162 1112 3222 tale
1132 3165 1201 3243 qnid
1229 3162 1412 3242 significavit,
1445 3162 1521 3239 quod

358 3267 467 3327 Ennius
492 3268 562 3327 (lixit
585 3286 634 3348 ap.
657 3266 719 3324 Cic.
744 3265 775 3324 in
796 3263 886 3323 Tuae.
909 3258 941 3338 4,
962 3262 1017 3341 33,
1039 3265 1093 3327 70.
1137 3264 1256 3345 Flagiti
1269 3266 1459 3344 principium
1480 3274 1522 3321 eat

355 3369 472 3428 nudm
493 3371 571 3427 inter
591 3369 665 3426 civis
685 3366 833 3445 corpora?
856 3364 922 3425 Vid.
945 3363 985 3423 ibi
1005 3362 1103 3425 Klotz.
1127 3372 1157 3426 et
1180 3369 1217 3428 ad
1242 3376 1315 3428 orat.
1341 3388 1386 3448 pr.
1408 3367 1518 3426 Cluent.

355 3473 417 3549 61,
448 3467 521 3536 111.
566 3470 707 3546 Quicquid
731 3476 792 3547 est,
823 3469 879 3529 lunc
900 3484 1015 3546 quoque
1039 3470 1184 3545 pertinent
1208 3470 1297 3531 umba
1317 3470 1464 3530 Ciceronis
1484 3468 1519 3525 de

355 3572 421 3634 Fm.
448 3576 485 3649 2,
521 3572 558 3634 8:
601 3572 657 3650 qui
680 3572 716 3629 in
738 3590 874 3629 maneam
897 3578 1023 3629 vomunt
1045 3580 1075 3627 et
1098 3574 1152 3651 qui
1175 3574 1321 3633 conviviis
1339 3572 1521 3652 aufiniano

356 3674 502 3754 cnidiqao
519 3670 669 3752 poetridis
691 3692 722 3731 ae
742 3694 848 3733 nanta
866 3672 1061 3753 ingurgitant
1085 3679 1140 3733 etc.
1164 3680 1195 3733 et
1217 3676 1321 3733 Senee.
1346 3676 1375 3733 in
1401 3671 1517 3733 Consol.

354 3778 486 3840 adHelv.
509 3774 558 3836 a:
588 3772 737 3847 Vomaot,
757 3788 792 3834 at
811 3774 916 3850 adam,
937 3776 1043 3847 edm,
1062 3786 1099 3833 at
1119 3787 1254 3835 vomant.
1280 3810 1318 3824 -
1346 3776 1430 3841 σοιν.
1452 3793 1520 3835 esra

355 3880 459 3961 digni,
478 3882 500 3939 i.
522 3896 549 3936 e.
575 3875 744 3938 Οασίεἰόω
763 3876 898 3952 nbula,
922 3898 993 3959 quas
1014 3884 1099 3938 voeat
1120 3878 1229 3937 Gellius
1252 3878 1310 3955 16,
1335 3880 1386 3943 13.
1393 3917 1406 3958 ,
1432 3879 1518 3956 digri,

355 3986 405 4064 qui
431 3982 607 4061 suffragandi
627 4000 745 4043 munere
764 3984 918 4063 privernum,
939 3982 1018 4060 quod
1043 3988 1088 4041 est
1108 3998 1143 4041 ex
1168 3982 1403 4059 interpretatione
1422 3978 1519 4039 Sclol.

356 4087 464 4165 Cruq.:
503 4095 575 4144 nota
602 4084 751 4165 infamiae
777 4096 808 4143 et
828 4086 913 4145 omni
932 4084 1100 4165 ignonoima
1121 4082 1210 4163 digni
1232 4102 1348 4142 matus.
1392 4081 1440 4142 De
1465 4082 1519 4141 hac

355 4196 426 4249 nota
446 4191 578 4248 censoria
605 4188 676 4247 dixit
695 4187 837 4250 Asconius
858 4192 897 4251 ad
915 4190 975 4249 cre„
997 4186 1122 4249 Divinat.
1144 4186 1174 4248 3.
1197 4208 1227 4267 p.
1251 4185 1325 4250 103.
1347 4184 1424 4245 Bait.
1466 4180 1520 4244 ffi-

355 4293 446 4351 storia
459 4292 570 4351 illarum
594 4290 763 4370 monimum,
788 4294 826 4353 de
849 4291 951 4373 quibus
972 4290 1017 4351 hic
1036 4287 1116 4349 multi
1139 4296 1205 4350 sunt
1225 4289 1354 4369 plerique
1376 4290 1519 4366 interpre-

354 4402 400 4451 tes
420 4414 521 4472 parum
544 4395 651 4454 faciunt
678 4395 811 4455 adhunc
829 4394 924 4457 locum
947 4401 1026 4455 recte
1049 4392 1274 4472 intelligendum,
1300 4395 1328 4451 iu
1352 4406 1408 4469 quo
1422 4386 1518 4449 Hora-

354 4494 411 4555 tius
431 4497 498 4556 mihi
518 4498 631 4573 quidem
653 4517 704 4557 eos
723 4505 842 4558 notasse
862 4499 984 4575 videtur,
1009 4496 1058 4575 qui
1077 4502 1126 4555 aut
1146 4498 1259 4576 prodigi
1278 4500 1447 4573 agnatorum
1468 4508 1518 4550 cu-

354 4594 459 4655 rationi
485 4597 654 4677 subjiciendi
680 4606 733 4661 aut
757 4600 892 4661 luxuriosi
921 4606 1042 4681 propter
1072 4598 1192 4660 violatas
1219 4598 1300 4677 leges
1328 4592 1517 4674 sumptuarias
