3450 5334
333 507 620 568 commen
639 509 683 566 IN
704 508 872 568 ironam
891 508 1022 570 EPIST.
1044 509 1152 570 Pam.
1171 511 1248 570 nm.
1264 511 1290 570 1.
1350 505 1393 571 66

232 673 296 740 284
311 687 342 734 at
355 679 410 736 illa
422 679 529 758 partio.
546 687 590 736 ter
604 697 668 737 non
681 679 840 738 invenusta
857 679 1036 759 repetitione
1045 677 1162 760 (Burm.
1176 675 1217 737 ad
1228 675 1323 740 anth.
1334 679 1389 738 lat.

235 781 264 842 1.
279 798 309 856 p.
326 782 397 845 160.
412 777 502 858 726.)
521 799 568 839 ree
586 781 652 860 ipsa
673 780 796 840 effertur
807 783 839 838 in
858 781 975 858 majus,
997 791 1031 840 ut
1046 783 1125 840 lucri
1136 781 1273 841 studium
1287 784 1394 842 acerbe

233 885 405 960 castigetur.
427 884 559 942 Possunt
576 895 679 943 tamen
694 895 723 942 et
737 903 792 963 per
803 902 880 941 roxa
893 893 924 941 et
943 885 1038 962 r'grrro,
1058 885 1206 944 Lambino
1220 885 1393 965 interprete,

234 985 388 1063 quaelibet
400 987 480 1044 ritae
497 985 672 1046 dieorirnina
688 985 869 1066 significari,
891 988 938 1045 uti
953 988 1061 1045 Graeci
1082 983 1135 1049 tut
1147 966 1245 1068 noodr
1264 988 1393 1068 βαίνειν,

235 1085 330 1162 ἰέναι,
354 1091 459 1168 μολεῖν
471 1089 592 1166 dionnt,
612 1087 674 1150 rid.
693 1086 837 1148 Abreeob.
853 1088 1015 1148 Animadr.
1033 1088 1073 1148 ad
1087 1085 1230 1168 Aeschyl.
1249 1089 1304 1148 lib·
1319 1092 1348 1151 1.
1362 1108 1393 1168 Ρ.

235 1189 303 1264 20,
318 1191 463 1250 Eornem.
484 1189 524 1250 ad
537 1190 677 1274 Xenoph.
695 1191 801 1272 Symp.
821 1188 851 1266 4,
874 1193 942 1268 16.,
963 1190 1073 1250 lleind.
1091 1189 1132 1248 ad
1146 1190 1211 1249 Sat.
1227 1194 1257 1267 1,
1276 1193 1311 1268 1,
1329 1191 1393 1266 39,

235 1291 356 1351 Mitaoh.
375 1305 406 1352 et
422 1295 553 1374 Boettig.
570 1294 609 1353 ad
626 1292 682 1354 0d.
697 1293 734 1370 4,
751 1293 809 1368 14,
827 1290 879 1356 24.
921 1296 957 1351 ln
973 1291 1030 1352 hae
1042 1294 1234 1372 paupertatis
1249 1292 1324 1371 fuga
1337 1290 1394 1350 de-

235 1393 393 1454 scribenda
408 1397 544 1454 imitatus
562 1405 622 1470 eat,
645 1399 671 1455 si
687 1395 778 1454 fidem
789 1393 917 1455 habebis
931 1394 1149 1476 Porphyrioni,
1167 1391 1308 1474 Theogn.
1321 1396 1393 1457 177.

235 1515 281 1576 eq.
296 1493 339 1576 ἣν
347 1497 482 1577 (πενίην)
500 1494 538 1579 δή
552 1493 608 1580 zon*
624 1493 776 1582 φεύγοντα
785 1497 838 1562 noi
851 1498 883 1573 ἐς
893 1493 1061 1580 μεγακήτεα
1071 1492 1183 1563 aiem
1195 1496 1329 1561 ‘lerw
1341 1494 1395 1559 ιιιιλ

233 1605 361 1678 πετρῶν,
379 1594 492 1681 Κύρνε,
506 1595 576 1664 κατ’
593 1595 753 1683 ἠλιβάτων.
775 1606 811 1660 In
825 1622 890 1660 rem
901 1605 999 1680 magia
1014 1621 1128 1678 verena,
1143 1602 1196 1683 qui
1207 1610 1393 1683 sequunturt

236 1698 304 1782 Xer}
316 1697 374 1784 yda
388 1699 471 1782 ύμιῑς
485 1702 535 1766 tel
548 1703 715 1786 privationi
731 1697 821 1784 εύρέιι
834 1708 917 1766 νῶτα
928 1698 1240 1785 θαλύσσηςΔλζεσθαι
1252 1707 1395 1784 χαλεπῆς,

235 1796 349 1882 Κύρνε,
370 1798 459 1866 λύσιν
472 1807 587 1887 πενίης.
630 1807 750 1865 Similia
771 1808 916 1884 leguntur
935 1825 983 1885 ap.
997 1803 1150 1866 Plutarch.
1171 1806 1210 1865 de
1229 1809 1304 1868 virt.
1315 1827 1392 1866 mor.

235 1907 297 1964 VII·
310 1927 341 1986 p·
360 1907 432 1969 767.
476 1910 512 1966 R.
528 1918 559 1967 et
573 1906 695 1968 Hesiod.
713 1910 769 1989 Op.
789 1918 819 1966 et
830 1909 868 1965 D.
897 1908 960 1971 686
976 1926 1023 1988 sq.
1067 1909 1282 1986 Paupertatem
1294 1910 1394 1989 ipsam

235 2007 312 2066 bene
328 2010 461 2087 explicat
475 2007 644 2090 Porphyrio
656 2009 697 2070 ad
710 2013 805 2091 Epist.
821 2012 857 2085 2,
882 2012 921 2086 2,
944 2011 1016 2072 199.
1030 2010 1074 2069 ita
1087 2021 1122 2070 ut
1135 2011 1176 2070 sit
1200 2012 1320 2087 „etiam
1333 2007 1393 2070 ho-

235 2121 338 2172 nestae
350 2113 552 2192 parsimoniae
567 2133 679 2172 nornen
696 2125 725 2172 et
741 2123 902 2193 uanrpetnr
919 2131 975 2191 pro
992 2111 1114 2170 fortuna
1129 2109 1305 2172 ιιιειὶἰοοιί.ιι
1345 2113 1393 2172 Gi.

234 2211 356 2273 Mitsoh.
375 2213 413 2274 ad
426 2213 481 2272 Od.
500 2217 527 2290 1,
544 2216 573 2290 1,
591 2217 659 2291 18.,
682 2213 791 2274 Heind.
808 2215 847 2274 ad
860 2216 923 2275 Sat.
943 2217 972 2291 1,
991 2216 1022 2290 6,
1037 2215 1106 2290 71.,
1128 2224 1160 2272 et
1171 2212 1265 2274 liralr.
1281 2214 1321 2275 ad
1336 2215 1393 2276 sil.

236 2317 265 2392 l,
280 2319 352 2381 609.
369 2347 413 2364 -
429 2319 549 2392 Restat,
575 2316 662 2376 ratde
678 2320 885 2378 Romanorum
901 2337 973 2376 oum
986 2315 1069 2376 india
1090 2319 1278 2377 commerciis
1291 2318 1394 2377 breri-

234 2431 281 2478 ter
297 2418 442 2478 dicamus.
484 2421 609 2478 Dubitat
630 2419 804 2479 Solonidiua
816 2439 913 2496 meaa,
930 2439 1006 2478 narn
1021 2420 1150 2479 Romani
1164 2423 1224 2500 ipsi
1237 2424 1271 2478 in
1288 2420 1393 2479 Indiae

235 2543 302 2583 orae
318 2524 380 2582 suia
397 2524 534 2602 ipsorum
550 2521 679 2582 navibus
691 2526 885 2602 penetrarint,
901 2521 1029 2581 affer-eno
1040 2523 1119 2580 Plio.
1132 2523 1170 2580 Η.
1188 2525 1226 2582 Ν.
1245 2526 1276 2598 6,
1290 2525 1343 2588 23.
1360 2535 1393 2584 et

235 2625 335 2686 Strab.
356 2625 411 2684 lib.
425 2625 456 2686 2.
471 2646 502 2705 Ρ.
517 2626 588 2688 118.
608 2637 638 2684 et
657 2627 711 2684 lib.
730 2625 779 2689 16.
795 2647 825 2706 Ρ.
844 2625 918 2689 686.
933 2622 982 2682 ed.
995 2622 1141 2699 casaub„
1160 2626 1203 2683 ita
1220 2636 1255 2684 nt
1266 2628 1393 2687 Poetam

234 2729 370 2810 pleniore
398 2728 485 2807 quani
510 2746 560 2785 ore
583 2728 721 2789 locutum
746 2731 894 2809 opinetur.
935 2727 1075 2784 Primum
1094 2724 1317 2785 observandum
1335 2738 1392 2805 eet,

233 2841 352 2890 veteres
367 2829 472 2888 Indiae
491 2832 616 2888 nomine
637 2841 703 2889 tum
724 2829 764 2888 ad
781 2831 917 2890 Africam
932 2829 1120 2902 orientalem,
1144 2837 1213 2885 turn
1228 2825 1270 2886 ad
1285 2830 1393 2889 Asiam

235 2937 398 2993 australem
417 2931 634 3011 designandam
653 2933 800 2991 latissime
823 2951 889 2991 eoae
904 2948 992 3004 neoe3
1015 2927 1078 2988 vid.
1097 2931 1195 3009 Heyn.
1217 2926 1257 2987 ad
1272 2931 1343 2988 Tib.
1359 2934 1392 3008 2,

233 3037 273 3112 8,
290 3039 361 3112 56„
387 3037 472 3098 Voss.
495 3033 535 3094 ad
554 3037 636 3114 Virg.
660 3037 715 3094 Ge.
737 3036 775 3109 2,
802 3034 872 3096 170.
897 3041 928 3090 at
949 3041 1019 3090 ante
1038 3049 1144 3090 omnen
1162 3031 1194 3088 J.
1212 3031 1262 3089 M.
1284 3031 1395 3089 Mattir’

234 3139 397 3198 Annotatt.
422 3157 448 3196 o.
465 3140 495 3200 9.
515 3139 547 3195 in
567 3139 660 3217 ffigo
680 3138 791 3215 Operae.
813 3137 894 3194 criu.
912 3153 975 3191 rar.
1020 3133 1103 3212 Traj.
1128 3131 1169 3191 ad
1183 3129 1281 3191 Rhan.
1297 3131 1390 3197 1766.

235 3263 265 3322 Ρ.
277 3242 356 3304 72-
364 3243 415 3304 81.
437 3239 555 3324 Deinde
568 3238 627 3300 hoo
642 3238 767 3320 quidem
780 3249 934 3318 tempore,
956 3255 1035 3294 anno
1049 3245 1129 3294 oerte
1140 3231 1215 3298 734·
1230 3247 1301 3316 Ροεῒ
1311 3257 1344 3295 ιι.
1354 3257 1390 3313 o.,

235 3342 442 3426 quaerendum
457 3343 586 3420 videtur,
604 3354 707 3401 utrum
720 3343 850 3401 Romani
863 3359 953 3399 ouran
970 3341 1072 3398 solnm
1085 3337 1239 3397 maritimo
1253 3357 1308 3418 per
1324 3339 1392 3398 foe·

234 3468 302 3508 ram
316 3468 333 3505 ιι
349 3450 522 3507 Ptolemaeo
539 3467 579 3505 ex
590 3448 659 3505 Nilo
670 3447 702 3502 in
717 3447 818 3504 einum
832 3444 996 3502 Arabicum
1014 3441 1127 3500 foetam
1140 3437 1270 3520 (Strabo
1288 3441 1340 3516 17,
1360 3442 1390 3503 1.

234 3574 264 3633 Ρ.
277 3549 349 3614 144.
366 3553 471 3609 Manto
491 3552 511 3608 l.
527 3551 549 3608 l.
565 3570 596 3629 Ρ.
614 3547 716 3626 872),
743 3567 782 3605 an
803 3546 937 3606 terrestri
957 3545 1060 3625 aliquo
1078 3543 1130 3602 rel
1145 3561 1201 3622 per
1216 3543 1392 3622 Aegyptum

234 3656 351 3728 itinere,
375 3650 456 3734 quod
479 3663 567 3712 antea
584 3651 905 3724 commemoravimus,
930 3649 982 3708 vel
996 3666 1051 3727 per
1062 3644 1206 3705 Arabiam
1228 3646 1256 3702 ai
1273 3664 1335 3704 non
1351 3643 1391 3704 ad

233 3759 330 3838 ipsine
345 3755 448 3814 Indiae
469 3775 554 3830 orae,
579 3763 610 3812 at
623 3755 733 3813 saltem
747 3750 786 3810 ad
800 3749 892 3811 Indoe
904 3749 1089 3811 Dioaooridia
1107 3748 1241 3808 insulam
1255 3749 1391 3827 aliaeque

234 3861 363 3920 Arabiae
380 3859 523 3917 finitimae
541 3856 708 3916 incolentes
729 3856 929 3935 pervenerint.
971 3855 1065 3914 Plura
1087 3849 1146 3910 hao
1170 3847 1209 3907 de
1231 3869 1264 3906 re
1281 3849 1390 3908 talium

235 3983 336 4020 rerum
350 3959 467 4040 eupidis
480 3958 715 4041 suppeditabunt
726 3959 847 4016 Heeren
860 3959 894 4014 in
914 3957 1121 4018 Commentatt.
1148 3952 1284 4030 Gottiog.
1305 3953 1345 4009 X.
1357 3971 1389 4037 p.

236 4063 297 4128 144
312 4083 378 4145 sqq.
394 4067 447 4122 xl.
462 4084 493 4144 p.
507 4065 547 4126 91
565 4081 610 4143 aq.
653 4059 740 4118 Idem
755 4061 788 4118 in
807 4060 929 4137 „Idem
938 4058 1013 4118 iiber
1026 4058 1075 4117 dio
1086 4053 1225 4113 Ριιλιίιᾙι
1239 4063 1296 4112 eto.
1309 4055 1338 4128 1,
1356 4056 1389 4117 2.

235 4188 264 4247 p·
279 4164 472 4242 att-524,
496 4167 600 4226 Wien.
625 4162 716 4227 1817.
758 4162 845 4222 Idem
864 4163 902 4221 da
924 4159 1051 4240 Geylone
1066 4155 1190 4227 imula,
1207 4175 1266 4234 por
1279 4156 1393 4234 viginti

231 4269 297 4344 fere
318 4268 441 4326 saeculo
469 4269 621 4327 communi
648 4277 797 4324 terranem
825 4266 1014 4342 moramque
1040 4257 1224 4318 auotrulium
1247 4259 1386 4336 emporto.

236 4372 370 4450 Gotting.
384 4372 478 4436 1881.
493 4391 524 4451 Ρ.
543 4371 593 4434 17.
635 4413 655 4445 ,,
663 4368 917 4447 Myos-Hormos
928 4361 994 4422 und
1007 4361 1057 4421 die
1072 4381 1168 4441 ganzo
1185 4357 1391 4441 Aegyptieoh-

236 4471 452 4554 Aethiopieohe
473 4475 567 4532 lliiete
586 4471 639 4532 deo
661 4466 844 4531 olaoaiaohen
862 4467 1039 4541 Zeitaltere,
1068 4465 1211 4523 erliutert
1227 4481 1289 4524 von
1304 4463 1339 4523 0.
1352 4464 1390 4526 G.

238 4576 421 4636 Rabbow
434 4577 467 4633 in
478 4577 583 4634 Nenen
596 4577 729 4656 Aligem.
741 4569 873 4652 Geoghr.
887 4591 918 4631 ιι.
932 4569 1048 4632 stetin.
1056 4564 1290 4650 premeriden.
1305 4567 1390 4630 1829

269 4691 383 4748 lionae.
403 4691 427 4747 1.
1118 4671 1139 4734 5
