3450 5334
344 479 408 547 202
445 477 731 544 ΟΟΜΜΕΝΤΔΒΠ
750 478 795 542 ΙΝ
815 477 989 542 ΗΟΒΔΤΙΙ
1007 477 1082 540 LlB.
1105 478 1128 539 1.
1147 477 1274 540 EPIST.
1295 477 1418 542 TERT.
1468 482 1508 546 12

346 673 498 754 opinatur,
525 664 722 750 κατόχρησις,
752 669 798 728 vel
821 671 859 728 ιδ
877 668 943 729 belli
963 669 1089 749 euspicio
1111 665 1306 744 referendum,
1331 685 1404 745 quoe
1427 673 1511 727 erent

345 794 435 856 penes
447 771 626 852 Augustum,
647 770 704 836 vid.
719 769 776 829 Orl.
792 765 823 846 4,
847 766 899 849 14,
916 770 978 848 88,
997 770 1053 828 nini
1066 770 1129 846 quie
1143 769 1197 830 lroc
1214 769 1303 828 verbo
1318 769 1400 846 quasi
1417 769 1510 828 omine

345 873 539 937 fortitudinem
558 870 665 932 Tiberii
679 870 753 953 (od.
768 867 799 948 4,
817 867 848 950 4,
862 869 930 951 29.)
942 869 1087 931 laudatum
1101 873 1253 932 existimari
1265 869 1384 929 mavult.

429 975 465 1039 V.
483 975 514 1038 3.
546 973 703 1032 Thracane
719 1008 755 1018 -
773 975 900 1032 νὶνισίαι.
946 971 1079 1030 Tiberine
1095 992 1146 1052 per
1161 971 1360 1032 Macedonium
1370 978 1401 1031 et
1414 971 1508 1032 Thro-

345 1079 417 1137 eiem
436 1076 517 1136 duxit
537 1076 689 1136 exereitum
715 1075 848 1157 (Sueton.
870 1072 939 1136 Tib.
964 1070 1031 1154 14.)
1053 1074 1139 1149 idque
1164 1074 1218 1132 eub
1241 1093 1359 1133 vernum
1385 1081 1508 1153 tempus,

344 1177 441 1255 itaque
469 1177 764 1248 Hebron-vinctor,
795 1177 825 1234 in
845 1195 904 1253 quo
925 1175 1039 1251 quidem
1062 1176 1252 1256 descriptione
1275 1176 1311 1234 de
1339 1177 1393 1234 deo
1421 1177 1508 1234 fluvio

345 1279 474 1355 cogitent
489 1279 664 1338 Schmidirw
680 1285 711 1339 et
734 1279 867 1338 Ονιίίὶιιι
874 1321 887 1349 ,
910 1284 1024 1336 rectene
1046 1295 1084 1336 ιιι
1100 1295 1181 1336 eeeue
1198 1278 1301 1341 neseio.
1343 1277 1457 1336 Etenim
1474 1286 1508 1336 ut

344 1380 415 1440 Hor.
428 1381 509 1457 oquin
523 1381 613 1458 glacie
626 1383 750 1442 astrictio
765 1380 934 1459 compedem
957 1379 1072 1458 tribuit,
1100 1380 1142 1438 ito
1154 1379 1288 1458 Virgilius
1313 1379 1367 1438 Ge.
1382 1375 1412 1456 4,
1433 1381 1506 1442 186.

336 1481 466 1561 frenum
480 1487 510 1540 et
520 1483 654 1561 Sympoe.
668 1483 798 1562 Aenigm.
815 1483 910 1559 10,2.
929 1493 1073 1540 catenae:
1112 1480 1203 1539 Unda
1213 1481 1327 1559 fui—
1348 1482 1443 1540 Nune
1461 1482 1508 1536 νὶ-

342 1583 413 1663 gidi
433 1583 509 1641 coeli
532 1583 617 1642 darie
639 1605 772 1642 connexa
793 1587 908 1642 σαίιπὶι
917 1626 931 1655 ,
960 1582 1009 1642 ubi
1032 1583 1260 1657 Wmodofim
1289 1583 1355 1666 (vl.
1376 1605 1408 1662 p.
1428 1578 1507 1664 488)

344 1685 437 1746 locum
459 1686 648 1746 Homtionum
667 1692 823 1767 comperet.
866 1687 914 1744 Sic
935 1684 1052 1746 Petron.
1078 1706 1105 1745 ο.
1120 1686 1193 1751 128.
1211 1706 1240 1744 ν.
1255 1687 1333 1749 188ι
1354 1685 1508 1744 medorum

344 1787 471 1846 νὶιιαιιίπ
478 1811 491 1862 ,·
512 1785 622 1851 Lucan.
636 1791 667 1867 5,
683 1786 756 1853 434.
771 1789 833 1848 allo
847 1798 963 1866 torpore
978 1788 1094 1869 ligatae
1104 1821 1148 1832 ·-
1161 1787 1282 1847 ίιοιιενε
1294 1789 1405 1850 modae.
1437 1784 1508 1847 lude

343 1889 391 1950 lux
412 1891 530 1950 effertur
549 1888 683 1951 Lucretio
707 1893 738 1970 6,
761 1893 833 1954 878.
867 1891 991 1950 exsolvit
1009 1892 1144 1970 glaciem
1164 1889 1267 1971 (ignis)
1289 1892 1440 1971 nodooqne
1459 1911 1507 1946 re-

345 1991 449 2063 laxat,
475 1992 544 2070 ibiq.
570 1993 686 2054 Creeeln
729 1991 774 2051 De
797 2011 850 2050 αιιι
865 1992 944 2052 verbi
964 1993 1095 2062 νίποινί,
1117 1993 1165 2068 qui
1180 1995 1225 2053 hie
1242 2001 1307 2072 eet,
1327 1995 1399 2053 dixit
1408 1993 1506 2056 Burm.

344 2095 382 2155 ad
396 2093 512 2156 Petron.
528 2115 552 2158 c.
573 2096 646 2161 123.
661 2114 691 2174 p.
709 2095 781 2158 588.
795 2127 831 2138 -
848 2095 964 2173 nivali,
985 2103 1019 2156 ut
1030 2095 1156 2154 Martini.
1169 2099 1200 2173 7,
1211 2094 1264 2158 94.
1279 2097 1380 2156 οισαίο
1395 2096 1507 2166 nivali,

343 2195 448 2259 Claud.
472 2200 509 2258 de
525 2196 613 2278 Rept
633 2197 766 2277 Proserp.
783 2198 813 2274 1,
834 2198 886 2259 70.
900 2198 1061 2277 glacieque
1082 2196 1181 2255 nivali
1194 2201 1348 2278 Hirpriiue
1363 2200 1506 2282 (Boreae)

345 2298 479 2358 Ceterum
499 2300 640 2378 frigiditas
665 2301 748 2378 liujus
770 2305 880 2358 uectus
903 2304 933 2358 et
953 2301 1061 2379 emnia,
1083 2319 1166 2376 quem
1178 2298 1301 2360 Romani
1314 2303 1374 2362 lere
1386 2306 1507 2384 primum

345 2401 470 2460 omnium
486 2401 516 2461 in
536 2402 763 2481 expeditionibus
783 2402 841 2460 suis
865 2410 1003 2463 noverant
1024 2403 1113 2481 glaeie
1133 2402 1332 2483 constrictum,
1353 2405 1462 2465 obierat
1475 2407 1506 2464 in

344 2502 540 2584 proverbium,
568 2505 606 2561 de
629 2523 686 2581 que
708 2522 739 2563 re
759 2505 824 2562 vide
841 2523 913 2580 quoe
934 2504 1054 2564 laudent
1076 2505 1138 2562 Fen
1155 2504 1193 2562 ad
1208 2505 1267 2563 od.
1286 2508 1316 2584 1,
1338 2506 1390 2583 25,
1405 2506 1458 2569 20.
1474 2507 1506 2584 8,

344 2603 397 2680 26,
418 2605 470 2668 10.
490 2611 521 2664 et
540 2604 624 2665 Voss.
644 2607 682 2666 erl
704 2605 785 2684 Virg.
804 2605 904 2684 Edog.
918 2607 969 2684 10,
993 2607 1046 2671 65.
1088 2606 1173 2664 Errat
1195 2611 1291 2664 eutem
1312 2609 1506 2679 Τανιινοιιιιι,

344 2723 431 2780 quum
442 2704 571 2767 Hebrum
581 2709 723 2770 existimat
736 2711 887 2788 „tonjoure
899 2708 1012 2786 gluee.“
1053 2707 1145 2768 Doete
1157 2705 1295 2772 Pmrlent.
1307 2709 1416 2790 Apoth.
1430 2707 1504 2774 428.

345 2817 450 2864 exutae
460 2809 640 2888 glaeiejam
656 2812 775 2870 mollior
789 2814 889 2870 σπιπὶπ
911 2814 1066 2871 Cortum
1079 2811 1116 2870 de
1132 2821 1195 2868 eote
1204 2811 1293 2888 fluat
1309 2812 1505 2891 Rhodopeiiw

345 2907 480 2968 Hebrus.

427 3011 464 3070 V·
483 3013 514 3074 8.
555 3013 612 3073 Απ
631 3049 673 3062 --
697 3027 803 3076 turres.
847 3015 1010 3094 Descriptio
1031 3015 1222 3094 Hellesponti.
1275 3017 1384 3076 Timeo
1403 3019 1504 3078 intelli-

344 3116 455 3194 gendae
465 3120 533 3175 eunt
547 3122 597 3176 ent
610 3118 684 3178 dnae
697 3119 760 3179 illae
775 3121 805 3178 in
819 3125 942 3195 utroque
953 3117 1135 3198 Hellesponti
1155 3118 1239 3176 litore
1252 3119 1377 3198 positae,
1388 3141 1504 3196 quamn

343 3217 514 3277 mentionem
526 3218 595 3277 feeit
615 3221 719 3280 Strabo
734 3222 784 3299 13,
799 3223 849 3285 22.
864 3219 913 3301 (V.
928 3241 956 3300 p-
971 3222 1043 3285 298.
1063 3221 1118 3281 Τι.
1133 3240 1156 3278 ι.
1173 3218 1225 3282 Ill.
1245 3239 1274 3296 p.
1291 3221 1344 3282 96.
1360 3218 1504 3299 Tourhu.)

334 3315 421 3381 ’Ἐστι
435 3315 502 3398 δὲῆ
518 3317 635 3400 Σηστδς
652 3322 794 3402 ἐνδοτέρω
808 3320 884 3385 noceri
906 3319 963 3402 τήν
977 3325 1174 3404 Προποντίδα
1188 3318 1364 3402 ὑπερδέξιος
1377 3328 1433 3385 τοῦ
1446 3324 1505 3400 ῥοῦ

343 3425 400 3484 τοῦ
419 3421 450 3496 ἐξ
472 3415 574 3502 αὐτῆς·
597 3419 645 3486 διδ
668 3424 717 3486 καί
732 3418 942 3504 εὐπετέστερον
963 3423 996 3486 ἐκ
1017 3429 1071 3504 τῆς
1083 3427 1205 3504 Σηστοῦ
1219 3423 1372 3503 διαίρουσι
1388 3431 1503 3505 παραλ-

344 3519 507 3604 λαξοίμευυι
529 3522 634 3605 μικρδν
663 3525 712 3589 tel
741 3523 792 3589 τὸν
819 3532 875 3606 τῆς
900 3525 1011 3605 Ἡροῦς
1031 3523 1165 3607 πύργον,
1199 3520 1345 3588 κῦιιιῖδεν
1366 3520 1503 3603 α’φιίντις

344 3622 382 3688 τῦ
407 3629 497 3688 πλοῖα
524 3623 768 3709 συμπράττοντος
795 3633 852 3692 τοῦ
882 3630 942 3709 ῥοῦ
960 3625 1035 3710 πρὸς
1059 3625 1117 3710 τήν
1138 3630 1318 3708 περαίωσιν·
1339 3631 1403 3698 τοῖς
1424 3622 1450 3688 δ’
1470 3626 1502 3701 ἐξ

342 3722 475 3808 Ἀβύδου
494 3730 723 3811 περαιουμένοις
744 3731 968 3812 παραίλαιιτίον
989 3731 1070 3794 ἐστίν
1095 3732 1139 3806 είς
1159 3725 1316 3807 ταίνανιία,
1338 3722 1419 3791 διτταί
1442 3753 1502 3791 που

344 3832 485 3905 σταδίους
501 3829 549 3894 ἐπί
566 3825 683 3914 πύργον
697 3829 764 3895 τινῦ
786 3829 848 3896 κατ’
871 3828 997 3915 αὐιιιιρῦ
1017 3839 1073 3914 τῆς
1089 3839 1212 3914 Σηστοῦ
1220 3879 1229 3906 ,
1253 3833 1353 3895 ἔπειτα
1375 3833 1503 3913 διαίρειν

343 3933 472 4020 πλάγιον
500 3933 552 3998 καί
585 3931 626 4014 μὴ
658 3935 764 4011 τελέως
795 3935 916 4016 ἔχουσιν
942 3936 1084 4000 ίναντίον
1111 3933 1165 3999 τδν
1193 3937 1270 4015 ῥοῦν
1291 3942 1346 3999 ete.
1374 3941 1443 4011 out,
1469 3942 1504 3993 ut

344 4041 519 4101 Seholiestoe
531 4039 756 4118 interpretantur
763 4081 774 4117 ,
795 4041 896 4099 Seetne
909 4045 940 4098 et
952 4039 1089 4116 Abydus,
1113 4056 1187 4114 quoe
1200 4039 1286 4098 urbee
1303 4038 1502 4116 navigantibus

345 4143 444 4223 procul
463 4162 519 4202 una
537 4139 605 4199 urbs
625 4142 876 4219 asennaeum,
897 4148 931 4200 ut
945 4147 1068 4200 testetur
1079 4139 1142 4202 Vol.
1161 4140 1254 4201 Flore.
1269 4140 1306 4218 1,
1326 4139 1405 4203 285:
1427 4139 1503 4196 diri-

345 4247 445 4326 mique
461 4244 574 4324 procul
593 4265 655 4302 νιοιι
671 4265 799 4323 aequore
820 4247 886 4303 νίιπ
906 4244 1050 4322 Coeperat
1067 4263 1089 4299 a
1097 4245 1223 4321 gemina
1239 4242 1388 4300 decedere
1405 4242 1503 4299 Sestos

344 4345 467 4426 Abydo.
508 4346 574 4409 Vid.
594 4346 633 4406 ibi
652 4345 765 4406 HarleS.
792 4353 822 4405 et
841 4345 1126 4422 ef.0vld.Triet.1,
1145 4346 1260 4420 10,27·
1309 4344 1436 4424 Quaque
1445 4363 1504 4420 per

345 4459 492 4526 angrwtao
514 4461 616 4508 vectae
636 4449 863 4529 mulefvirginio
879 4449 979 4507 undae
997 4448 1103 4506 Seston
1123 4445 1276 4524 Adeena
1295 4457 1417 4524 separat
1430 4442 1504 4502 orbe

337 4550 465 4630 fretum.
509 4549 610 4614 Avien.
640 4555 728 4614 deser.
749 4552 820 4612 Orb.
846 4550 930 4617 Terr.
952 4549 1026 4612 698.
1074 4546 1177 4606 Sestum
1193 4547 1248 4606 ubi
1265 4557 1356 4630 atque
1373 4547 1504 4627 Abydon
