<?xml version="1.0" encoding="UTF-8"?>
<!DOCTYPE html PUBLIC "-//W3C//DTD XHTML 1.0 Transitional//EN"
    "http://www.w3.org/TR/xhtml1/DTD/xhtml1-transitional.dtd">
<html xmlns="http://www.w3.org/1999/xhtml" xml:lang="en" lang="en">
 <head>
  <title>
</title>
<meta http-equiv="Content-Type" content="text/html;charset=utf-8" />
  <meta name='ocr-system' content='tesseract 3.04.00' />
  <meta name='ocr-capabilities' content='ocr_page ocr_carea ocr_par ocr_line ocrx_word'/>
</head>
<body>
  <div class='ocr_page' id='page_1' title='image "./quintihoratiifl01schmgoog_0343.png"; bbox 0 0 3450 5334; ppageno 0'>
   <div class='ocr_carea' id='block_1_1' title="bbox 197 510 1358 579">
    <p class='ocr_par' dir='ltr' id='par_1_1' title="bbox 197 510 1358 579">
     <span class='ocr_line' id='line_1_1' title="bbox 197 510 1358 579; baseline -0.002 -2"><span class='ocrx_word' id='word_1_1' title='bbox 197 516 239 579; x_wconf 91' lang='grc'><strong>47</strong></span> <span class='ocrx_word' id='word_1_2' title='bbox 304 512 591 576; x_wconf 77' lang='lat' dir='ltr'><strong>conuouNTsnn</strong></span> <span class='ocrx_word' id='word_1_3' title='bbox 611 514 656 575; x_wconf 93' lang='lat' dir='ltr'><strong>lN</strong></span> <span class='ocrx_word' id='word_1_4' title='bbox 675 511 847 575; x_wconf 75' lang='lat' dir='ltr'><strong>noum!</strong></span> <span class='ocrx_word' id='word_1_5' title='bbox 867 512 941 575; x_wconf 89' lang='lat' dir='ltr'><strong>LlB.</strong></span> <span class='ocrx_word' id='word_1_6' title='bbox 956 512 979 573; x_wconf 91' lang='lat' dir='ltr'><strong>l.</strong></span> <span class='ocrx_word' id='word_1_7' title='bbox 992 510 1118 573; x_wconf 81' lang='lat' dir='ltr'><strong>EPIST.</strong></span> <span class='ocrx_word' id='word_1_8' title='bbox 1132 512 1247 576; x_wconf 82' lang='lat' dir='ltr'><strong>SEXT.</strong></span> <span class='ocrx_word' id='word_1_9' title='bbox 1294 510 1358 575; x_wconf 80' lang='grc'><strong>819</strong></span> 
     </span>
    </p>
   </div>
   <div class='ocr_carea' id='block_1_2' title="bbox 195 700 1358 1300">
    <p class='ocr_par' dir='ltr' id='par_1_2' title="bbox 195 700 1358 1300">
     <span class='ocr_line' id='line_1_2' title="bbox 198 700 1356 782; baseline -0.002 -19"><span class='ocrx_word' id='word_1_10' title='bbox 198 704 249 763; x_wconf 79' lang='lat' dir='ltr'><strong>illi</strong></span> <span class='ocrx_word' id='word_1_11' title='bbox 265 724 385 763; x_wconf 81' lang='lat' dir='ltr'><strong>cassum</strong></span> <span class='ocrx_word' id='word_1_12' title='bbox 413 701 562 782; x_wconf 79' lang='lat' dir='ltr'><em>quiddam</em></span> <span class='ocrx_word' id='word_1_13' title='bbox 587 710 616 757; x_wconf 76' lang='lat' dir='ltr'><strong>et</strong></span> <span class='ocrx_word' id='word_1_14' title='bbox 640 701 729 759; x_wconf 76' lang='lat' dir='ltr'><strong>inani</strong></span> <span class='ocrx_word' id='word_1_15' title='bbox 751 702 834 758; x_wconf 76' lang='lat' dir='ltr'><strong>vocis</strong></span> <span class='ocrx_word' id='word_1_16' title='bbox 860 720 933 759; x_wconf 86' lang='lat' dir='ltr'><strong>sono</strong></span> <span class='ocrx_word' id='word_1_17' title='bbox 957 701 1129 759; x_wconf 75' lang='lat' dir='ltr'><strong>decoratum</strong></span> <span class='ocrx_word' id='word_1_18' title='bbox 1158 720 1218 759; x_wconf 81' lang='lat' dir='ltr'><strong>esse</strong></span> <span class='ocrx_word' id='word_1_19' title='bbox 1243 700 1356 761; x_wconf 82' lang='lat' dir='ltr'><strong>dicant.</strong></span> 
     </span>
     <span class='ocr_line' id='line_1_3' title="bbox 199 802 1358 886; baseline -0.002 -20"><span class='ocrx_word' id='word_1_20' title='bbox 199 809 304 870; x_wconf 88' lang='lat' dir='ltr'><strong>Senec.</strong></span> <span class='ocrx_word' id='word_1_21' title='bbox 316 806 411 886; x_wconf 84' lang='lat' dir='ltr'><strong>Epist.</strong></span> <span class='ocrx_word' id='word_1_22' title='bbox 427 805 497 870; x_wconf 86' lang='lat'><strong>123.</strong></span> <span class='ocrx_word' id='word_1_23' title='bbox 544 803 677 863; x_wconf 76' lang='lat' dir='ltr'><strong>Virtutes</strong></span> <span class='ocrx_word' id='word_1_24' title='bbox 698 814 725 859; x_wconf 84' lang='lat' dir='ltr'><strong>et</strong></span> <span class='ocrx_word' id='word_1_25' title='bbox 741 802 937 881; x_wconf 70' lang='lat' dir='ltr'><strong>philosophiis</strong></span> <span class='ocrx_word' id='word_1_26' title='bbox 957 814 986 861; x_wconf 84' lang='lat' dir='ltr'><strong>et</strong></span> <span class='ocrx_word' id='word_1_27' title='bbox 994 806 1121 877; x_wconf 82' lang='lat' dir='ltr'><strong>justitia</strong></span> <span class='ocrx_word' id='word_1_28' title='bbox 1133 804 1291 864; x_wconf 70' lang='lat' dir='ltr'><strong>uerborum</strong></span> <span class='ocrx_word' id='word_1_29' title='bbox 1311 809 1358 865; x_wconf 83' lang='lat' dir='ltr'><strong>iu-</strong></span> 
     </span>
     <span class='ocr_line' id='line_1_4' title="bbox 197 904 1356 985; baseline 0.003 -18"><span class='ocrx_word' id='word_1_30' title='bbox 197 910 305 967; x_wconf 83' lang='lat' dir='ltr'><strong>anium</strong></span> <span class='ocrx_word' id='word_1_31' title='bbox 326 908 456 985; x_wconf 81' lang='lat' dir='ltr'><strong>crepitus</strong></span> <span class='ocrx_word' id='word_1_32' title='bbox 472 917 524 964; x_wconf 78' lang='lat' dir='ltr'><strong>eet.</strong></span> <span class='ocrx_word' id='word_1_33' title='bbox 570 905 617 967; x_wconf 80' lang='lat' dir='ltr'><strong>Cf.</strong></span> <span class='ocrx_word' id='word_1_34' title='bbox 636 904 706 967; x_wconf 82' lang='lat' dir='ltr'><strong>ibid.</strong></span> <span class='ocrx_word' id='word_1_35' title='bbox 730 906 780 969; x_wconf 91' lang='grc'><strong>16.</strong></span> <span class='ocrx_word' id='word_1_36' title='bbox 802 906 855 968; x_wconf 87' lang='grc'><strong>20.</strong></span> <span class='ocrx_word' id='word_1_37' title='bbox 896 904 1041 967; x_wconf 75' lang='lat' dir='ltr'><strong>Plutarch.</strong></span> <span class='ocrx_word' id='word_1_38' title='bbox 1056 908 1092 967; x_wconf 91' lang='lat' dir='ltr'><strong>de</strong></span> <span class='ocrx_word' id='word_1_39' title='bbox 1107 908 1210 967; x_wconf 87' lang='lat' dir='ltr'><strong>Fortit.</strong></span> <span class='ocrx_word' id='word_1_40' title='bbox 1225 908 1271 966; x_wconf 92' lang='lat' dir='ltr'><strong>vel</strong></span> <span class='ocrx_word' id='word_1_41' title='bbox 1285 908 1356 970; x_wconf 84' lang='lat' dir='ltr'><strong>Virt.</strong></span> 
     </span>
     <span class='ocr_line' id='line_1_5' title="bbox 197 1002 1355 1089; baseline 0.003 -20"><span class='ocrx_word' id='word_1_42' title='bbox 197 1011 278 1071; x_wconf 81' lang='lat' dir='ltr'><strong>Alex.</strong></span> <span class='ocrx_word' id='word_1_43' title='bbox 300 1010 360 1068; x_wconf 89' lang='lat' dir='ltr'><strong>VII.</strong></span> <span class='ocrx_word' id='word_1_44' title='bbox 391 1030 422 1087; x_wconf 85' lang='lat' dir='ltr'><strong>p·</strong></span> <span class='ocrx_word' id='word_1_45' title='bbox 445 1009 516 1074; x_wconf 85' lang='lat'><strong>288.</strong></span> <span class='ocrx_word' id='word_1_46' title='bbox 544 1003 666 1080; x_wconf 74' lang='grc' dir='ltr'><strong><em>τούτοις</em></strong></span> <span class='ocrx_word' id='word_1_47' title='bbox 685 1002 743 1087; x_wconf 76' lang='lat' dir='ltr'><strong>peip</strong></span> <span class='ocrx_word' id='word_1_48' title='bbox 766 1003 900 1086; x_wconf 76' lang='grc' dir='ltr'><strong><em>ὁρίζουσι</em></strong></span> <span class='ocrx_word' id='word_1_49' title='bbox 922 1011 1107 1087; x_wconf 76' lang='grc' dir='ltr'><strong><em>φιλοσοφίαν</em></strong></span> <span class='ocrx_word' id='word_1_50' title='bbox 1127 1010 1159 1071; x_wconf 82' lang='grc' dir='ltr'><strong>οἱ</strong></span> <span class='ocrx_word' id='word_1_51' title='bbox 1177 1006 1271 1089; x_wconf 77' lang='grc' dir='ltr'><strong><em>λόγον</em></strong></span> <span class='ocrx_word' id='word_1_52' title='bbox 1293 1004 1355 1072; x_wconf 80' lang='grc' dir='ltr'><strong><em>ον’-</em></strong></span> 
     </span>
     <span class='ocr_line' id='line_1_6' title="bbox 195 1103 1356 1193; baseline -0.003 -18"><span class='ocrx_word' id='word_1_53' title='bbox 195 1110 254 1193; x_wconf 76' lang='grc' dir='ltr'><strong>τήν</strong></span> <span class='ocrx_word' id='word_1_54' title='bbox 276 1103 333 1174; x_wconf 74' lang='lat' dir='ltr'><strong>oris</strong></span> <span class='ocrx_word' id='word_1_55' title='bbox 361 1109 449 1191; x_wconf 71' lang='grc' dir='ltr'><strong><em>ἔργον</em></strong></span> <span class='ocrx_word' id='word_1_56' title='bbox 476 1111 657 1190; x_wconf 71' lang='grc' dir='ltr'><strong><em>νομίζοντες.</em></strong></span> <span class='ocrx_word' id='word_1_57' title='bbox 698 1108 787 1187; x_wconf 81' lang='lat' dir='ltr'><strong>Diog.</strong></span> <span class='ocrx_word' id='word_1_58' title='bbox 810 1107 908 1171; x_wconf 81' lang='lat' dir='ltr'><strong>Lnert.</strong></span> <span class='ocrx_word' id='word_1_59' title='bbox 936 1112 974 1189; x_wconf 92' lang='grc'><strong>6,</strong></span> <span class='ocrx_word' id='word_1_60' title='bbox 1013 1114 1063 1175; x_wconf 91' lang='grc'><strong>11.</strong></span> <span class='ocrx_word' id='word_1_61' title='bbox 1105 1109 1151 1171; x_wconf 87' lang='lat' dir='ltr'><strong>De</strong></span> <span class='ocrx_word' id='word_1_62' title='bbox 1177 1112 1356 1190; x_wconf 85' lang='lat' dir='ltr'><strong>philosophis</strong></span> 
     </span>
     <span class='ocr_line' id='line_1_7' title="bbox 196 1211 1356 1300; baseline 0.004 -27"><span class='ocrx_word' id='word_1_63' title='bbox 196 1232 266 1273; x_wconf 83' lang='lat' dir='ltr'><strong>sune</strong></span> <span class='ocrx_word' id='word_1_64' title='bbox 286 1214 389 1272; x_wconf 79' lang='lat' dir='ltr'><strong>aetatis</strong></span> <span class='ocrx_word' id='word_1_65' title='bbox 408 1211 552 1272; x_wconf 78' lang='lat' dir='ltr'><strong>Lucienus</strong></span> <span class='ocrx_word' id='word_1_66' title='bbox 570 1214 600 1270; x_wconf 91' lang='lat' dir='ltr'><strong>in</strong></span> <span class='ocrx_word' id='word_1_67' title='bbox 616 1212 729 1290; x_wconf 78' lang='lat' dir='ltr'><strong>Nigrim</strong></span> <span class='ocrx_word' id='word_1_68' title='bbox 752 1213 803 1278; x_wconf 90' lang='grc'><strong>25.</strong></span> <span class='ocrx_word' id='word_1_69' title='bbox 824 1211 971 1294; x_wconf 67' lang='grc' dir='ltr'><strong>ἐμέμνητο</strong></span> <span class='ocrx_word' id='word_1_70' title='bbox 992 1216 1054 1276; x_wconf 71' lang='grc' dir='ltr'><strong><em>τοῖν</em></strong></span> <span class='ocrx_word' id='word_1_71' title='bbox 1075 1212 1126 1277; x_wconf 76' lang='lat' dir='ltr'><strong>iul</strong></span> <span class='ocrx_word' id='word_1_72' title='bbox 1148 1219 1250 1300; x_wconf 80' lang='grc' dir='ltr'><strong><em>μισθῷ</em></strong></span> <span class='ocrx_word' id='word_1_73' title='bbox 1271 1221 1356 1294; x_wconf 77' lang='grc' dir='ltr'><strong><em>φιλο·</em></strong></span> 
     </span>
    </p>
   </div>
   <div class='ocr_carea' id='block_1_3' title="bbox 194 1415 1359 4672">
    <p class='ocr_par' dir='ltr' id='par_1_3' title="bbox 194 1415 1357 3133">
     <span class='ocr_line' id='line_1_8' title="bbox 197 1415 1356 1495; baseline 0.002 -18"><span class='ocrx_word' id='word_1_74' title='bbox 197 1418 387 1495; x_wconf 78' lang='lat' dir='ltr'><strong>Ascripsimus</strong></span> <span class='ocrx_word' id='word_1_75' title='bbox 412 1415 485 1476; x_wconf 82' lang='lat' dir='ltr'><strong>haec</strong></span> <span class='ocrx_word' id='word_1_76' title='bbox 516 1416 660 1495; x_wconf 82' lang='lat' dir='ltr'><strong>exempla,</strong></span> <span class='ocrx_word' id='word_1_77' title='bbox 695 1424 727 1476; x_wconf 90' lang='lat' dir='ltr'><strong>nt</strong></span> <span class='ocrx_word' id='word_1_78' title='bbox 752 1419 894 1476; x_wconf 62' lang='lat' dir='ltr'><strong>vitiatum</strong></span> <span class='ocrx_word' id='word_1_79' title='bbox 920 1426 950 1479; x_wconf 91' lang='lat' dir='ltr'><strong>et</strong></span> <span class='ocrx_word' id='word_1_80' title='bbox 977 1417 1070 1477; x_wconf 72' lang='lat' dir='ltr'><strong>verba</strong></span> <span class='ocrx_word' id='word_1_81' title='bbox 1089 1438 1148 1477; x_wconf 87' lang='lat' dir='ltr'><strong>non</strong></span> <span class='ocrx_word' id='word_1_82' title='bbox 1168 1421 1356 1480; x_wconf 79' lang='lat' dir='ltr'><strong>oneratione</strong></span> 
     </span>
     <span class='ocr_line' id='line_1_9' title="bbox 198 1516 1356 1597; baseline 0.002 -18"><span class='ocrx_word' id='word_1_83' title='bbox 198 1521 343 1580; x_wconf 79' lang='lat' dir='ltr'><strong>contrusis</strong></span> <span class='ocrx_word' id='word_1_84' title='bbox 362 1538 428 1579; x_wconf 88' lang='lat' dir='ltr'><strong>esse</strong></span> <span class='ocrx_word' id='word_1_85' title='bbox 450 1526 611 1597; x_wconf 75' lang='lat' dir='ltr'><strong>appareret.</strong></span> <span class='ocrx_word' id='word_1_86' title='bbox 654 1516 718 1577; x_wconf 81' lang='lat' dir='ltr'><strong>Alie</strong></span> <span class='ocrx_word' id='word_1_87' title='bbox 739 1520 777 1578; x_wconf 87' lang='lat' dir='ltr'><strong>de</strong></span> <span class='ocrx_word' id='word_1_88' title='bbox 799 1523 943 1581; x_wconf 86' lang='lat' dir='ltr'><strong>sententis</strong></span> <span class='ocrx_word' id='word_1_89' title='bbox 964 1520 1030 1597; x_wconf 81' lang='lat' dir='ltr'><strong>ills,</strong></span> <span class='ocrx_word' id='word_1_90' title='bbox 1050 1522 1172 1579; x_wconf 68' lang='lat' dir='ltr'><strong>virtutis</strong></span> <span class='ocrx_word' id='word_1_91' title='bbox 1193 1522 1306 1581; x_wconf 82' lang='lat' dir='ltr'><strong>landem</strong></span> <span class='ocrx_word' id='word_1_92' title='bbox 1327 1526 1356 1581; x_wconf 89' lang='lat' dir='ltr'><strong>in</strong></span> 
     </span>
     <span class='ocr_line' id='line_1_10' title="bbox 196 1620 1357 1701; baseline 0.003 -20"><span class='ocrx_word' id='word_1_93' title='bbox 196 1626 314 1681; x_wconf 76' lang='lat' dir='ltr'><strong>actione</strong></span> <span class='ocrx_word' id='word_1_94' title='bbox 335 1622 511 1698; x_wconf 74' lang='lat' dir='ltr'><strong>consistere,</strong></span> <span class='ocrx_word' id='word_1_95' title='bbox 541 1620 658 1699; x_wconf 81' lang='lat' dir='ltr'>collegit</span> <span class='ocrx_word' id='word_1_96' title='bbox 678 1622 935 1696; x_wconf 60' lang='lat' dir='ltr'><strong>mumma,</strong></span> <span class='ocrx_word' id='word_1_97' title='bbox 967 1623 1000 1681; x_wconf 87' lang='lat' dir='ltr'><strong>V.</strong></span> <span class='ocrx_word' id='word_1_98' title='bbox 1026 1623 1089 1700; x_wconf 85' lang='lat' dir='ltr'><strong>Cl,</strong></span> <span class='ocrx_word' id='word_1_99' title='bbox 1117 1623 1146 1681; x_wconf 87' lang='lat' dir='ltr'><strong>in</strong></span> <span class='ocrx_word' id='word_1_100' title='bbox 1167 1622 1357 1701; x_wconf 88' lang='lat' dir='ltr'><strong>„Dentschen</strong></span> 
     </span>
     <span class='ocr_line' id='line_1_11' title="bbox 197 1724 1356 1804; baseline 0 -21"><span class='ocrx_word' id='word_1_101' title='bbox 197 1725 399 1788; x_wconf 85' lang='lat' dir='ltr'><strong>Schulreden“</strong></span> <span class='ocrx_word' id='word_1_102' title='bbox 420 1724 544 1783; x_wconf 86' lang='lat' dir='ltr'><strong>Giessen</strong></span> <span class='ocrx_word' id='word_1_103' title='bbox 566 1724 659 1791; x_wconf 83' lang='lat'><strong>1829.</strong></span> <span class='ocrx_word' id='word_1_104' title='bbox 680 1745 709 1802; x_wconf 91' lang='lat' dir='ltr'><strong>p.</strong></span> <span class='ocrx_word' id='word_1_105' title='bbox 727 1724 775 1791; x_wconf 74' lang='grc'><strong>,80</strong></span> <span class='ocrx_word' id='word_1_106' title='bbox 795 1746 841 1804; x_wconf 89' lang='lat' dir='ltr'><strong>sq.</strong></span> <span class='ocrx_word' id='word_1_107' title='bbox 885 1726 1021 1787; x_wconf 89' lang='lat' dir='ltr'><strong>Ceterum</strong></span> <span class='ocrx_word' id='word_1_108' title='bbox 1046 1724 1154 1783; x_wconf 82' lang='lat' dir='ltr'>similes</span> <span class='ocrx_word' id='word_1_109' title='bbox 1182 1732 1249 1784; x_wconf 86' lang='lat' dir='ltr'><strong>sunt</strong></span> <span class='ocrx_word' id='word_1_110' title='bbox 1268 1746 1356 1784; x_wconf 83' lang='lat' dir='ltr'><strong>voces</strong></span> 
     </span>
     <span class='ocr_line' id='line_1_12' title="bbox 196 1824 1357 1908; baseline 0.001 -21"><span class='ocrx_word' id='word_1_111' title='bbox 196 1827 330 1905; x_wconf 77' lang='lat' dir='ltr'><strong>Propert.</strong></span> <span class='ocrx_word' id='word_1_112' title='bbox 352 1828 383 1903; x_wconf 83' lang='grc'><strong>4,</strong></span> <span class='ocrx_word' id='word_1_113' title='bbox 405 1826 436 1900; x_wconf 89' lang='grc'><strong>5,</strong></span> <span class='ocrx_word' id='word_1_114' title='bbox 458 1824 509 1889; x_wconf 85' lang='grc'><strong>54.</strong></span> <span class='ocrx_word' id='word_1_115' title='bbox 557 1824 698 1885; x_wconf 78' lang='lat' dir='ltr'><strong>Versibus</strong></span> <span class='ocrx_word' id='word_1_116' title='bbox 719 1828 833 1887; x_wconf 79' lang='lat' dir='ltr'><strong>auditis</strong></span> <span class='ocrx_word' id='word_1_117' title='bbox 854 1828 951 1908; x_wconf 83' lang='lat' dir='ltr'><strong>qnid,</strong></span> <span class='ocrx_word' id='word_1_118' title='bbox 975 1828 1037 1885; x_wconf 74' lang='grc' dir='ltr'><strong>οἱοὶ</strong></span> <span class='ocrx_word' id='word_1_119' title='bbox 1055 1824 1160 1897; x_wconf 76' lang='lat' dir='ltr'><strong>verba,</strong></span> <span class='ocrx_word' id='word_1_120' title='bbox 1176 1826 1282 1905; x_wconf 79' lang='lat' dir='ltr'><strong>seros?</strong></span> <span class='ocrx_word' id='word_1_121' title='bbox 1311 1828 1357 1888; x_wconf 87' lang='lat' dir='ltr'><strong>ld.</strong></span> 
     </span>
     <span class='ocr_line' id='line_1_13' title="bbox 194 1926 1357 2009; baseline -0.001 -22"><span class='ocrx_word' id='word_1_122' title='bbox 194 1926 228 2006; x_wconf 81' lang='grc'><strong>4,</strong></span> <span class='ocrx_word' id='word_1_123' title='bbox 246 1932 279 2007; x_wconf 88' lang='grc'><strong>6,</strong></span> <span class='ocrx_word' id='word_1_124' title='bbox 300 1931 352 1992; x_wconf 85' lang='grc'><strong>50.</strong></span> <span class='ocrx_word' id='word_1_125' title='bbox 395 1928 463 1986; x_wconf 80' lang='lat' dir='ltr'><strong>Nec</strong></span> <span class='ocrx_word' id='word_1_126' title='bbox 477 1939 514 2003; x_wconf 81' lang='lat' dir='ltr'><strong>tc,</strong></span> <span class='ocrx_word' id='word_1_127' title='bbox 536 1928 619 2007; x_wconf 81' lang='lat' dir='ltr'><strong>qrwd</strong></span> <span class='ocrx_word' id='word_1_128' title='bbox 630 1928 736 1988; x_wconf 66' lang='lat' dir='ltr'><strong>clano</strong></span> <span class='ocrx_word' id='word_1_129' title='bbox 750 1934 879 1989; x_wconf 65' lang='lat' dir='ltr'><strong>centense</strong></span> <span class='ocrx_word' id='word_1_130' title='bbox 892 1932 1016 2009; x_wconf 78' lang='lat' dir='ltr'><em>remiget</em></span> <span class='ocrx_word' id='word_1_131' title='bbox 1027 1928 1102 1999; x_wconf 80' lang='lat' dir='ltr'><strong>alis,</strong></span> <span class='ocrx_word' id='word_1_132' title='bbox 1129 1930 1249 1987; x_wconf 80' lang='lat' dir='ltr'><strong>Terreat</strong></span> <span class='ocrx_word' id='word_1_133' title='bbox 1261 1960 1357 1975; x_wconf 79' lang='lat'><strong>--</strong></span> 
     </span>
     <span class='ocr_line' id='line_1_14' title="bbox 200 2031 1357 2111; baseline 0.003 -24"><span class='ocrx_word' id='word_1_134' title='bbox 200 2033 302 2111; x_wconf 75' lang='lat' dir='ltr'><strong>Tigna</strong></span> <span class='ocrx_word' id='word_1_135' title='bbox 322 2048 401 2087; x_wconf 77' lang='lat' dir='ltr'><strong>cava</strong></span> <span class='ocrx_word' id='word_1_136' title='bbox 422 2040 451 2085; x_wconf 79' lang='lat' dir='ltr'><strong>et</strong></span> <span class='ocrx_word' id='word_1_137' title='bbox 464 2032 563 2107; x_wconf 81' lang='lat' dir='ltr'><strong>pictos</strong></span> <span class='ocrx_word' id='word_1_138' title='bbox 583 2033 728 2108; x_wconf 79' lang='lat' dir='ltr'><strong>experiere</strong></span> <span class='ocrx_word' id='word_1_139' title='bbox 747 2044 852 2096; x_wconf 72' lang='lat' dir='ltr'><strong>metim.</strong></span> <span class='ocrx_word' id='word_1_140' title='bbox 894 2032 958 2093; x_wconf 80' lang='lat' dir='ltr'><strong>Liv.</strong></span> <span class='ocrx_word' id='word_1_141' title='bbox 974 2036 1026 2108; x_wconf 85' lang='lat'><strong>21,</strong></span> <span class='ocrx_word' id='word_1_142' title='bbox 1045 2031 1098 2108; x_wconf 85' lang='lat'><strong>30,</strong></span> <span class='ocrx_word' id='word_1_143' title='bbox 1118 2032 1147 2094; x_wconf 85' lang='lat'><strong>6.</strong></span> <span class='ocrx_word' id='word_1_144' title='bbox 1169 2032 1245 2111; x_wconf 83' lang='lat' dir='ltr'><strong>quid</strong></span> <span class='ocrx_word' id='word_1_145' title='bbox 1256 2031 1357 2111; x_wconf 79' lang='lat' dir='ltr'><strong>Alpes</strong></span> 
     </span>
     <span class='ocr_line' id='line_1_15' title="bbox 195 2130 1357 2211; baseline -0.001 -19"><span class='ocrx_word' id='word_1_146' title='bbox 195 2132 287 2192; x_wconf 80' lang='lat' dir='ltr'><strong>uliud</strong></span> <span class='ocrx_word' id='word_1_147' title='bbox 306 2150 366 2190; x_wconf 80' lang='lat' dir='ltr'><strong>esse</strong></span> <span class='ocrx_word' id='word_1_148' title='bbox 387 2132 536 2189; x_wconf 77' lang='lat' dir='ltr'><strong>credentes</strong></span> <span class='ocrx_word' id='word_1_149' title='bbox 564 2152 657 2211; x_wconf 72' lang='lat' dir='ltr'><strong>queam</strong></span> <span class='ocrx_word' id='word_1_150' title='bbox 675 2137 823 2193; x_wconf 74' lang='lat' dir='ltr'><strong>orontium</strong></span> <span class='ocrx_word' id='word_1_151' title='bbox 840 2132 1041 2193; x_wconf 78' lang='lat' dir='ltr'><strong>altitudines?</strong></span> <span class='ocrx_word' id='word_1_152' title='bbox 1061 2166 1105 2177; x_wconf 93' lang='lat'><strong>-—</strong></span> <span class='ocrx_word' id='word_1_153' title='bbox 1129 2130 1175 2192; x_wconf 77' lang='lat' dir='ltr'><strong>ld</strong></span> <span class='ocrx_word' id='word_1_154' title='bbox 1195 2133 1283 2193; x_wconf 80' lang='lat' dir='ltr'><strong>verbu</strong></span> <span class='ocrx_word' id='word_1_155' title='bbox 1305 2133 1357 2191; x_wconf 83' lang='lat' dir='ltr'><strong>ln·</strong></span> 
     </span>
     <span class='ocr_line' id='line_1_16' title="bbox 197 2233 1355 2315; baseline 0 -21"><span class='ocrx_word' id='word_1_156' title='bbox 197 2256 267 2295; x_wconf 85' lang='lat' dir='ltr'><strong>cum</strong></span> <span class='ocrx_word' id='word_1_157' title='bbox 291 2235 379 2314; x_wconf 78' lang='lat' dir='ltr'><strong>ligna</strong></span> <span class='ocrx_word' id='word_1_158' title='bbox 397 2235 416 2293; x_wconf 86' lang='lat' dir='ltr'><strong>i.</strong></span> <span class='ocrx_word' id='word_1_159' title='bbox 432 2254 458 2293; x_wconf 87' lang='lat' dir='ltr'><strong>e.</strong></span> <span class='ocrx_word' id='word_1_160' title='bbox 483 2234 652 2312; x_wconf 78' lang='lat' dir='ltr'><strong>religionem</strong></span> <span class='ocrx_word' id='word_1_161' title='bbox 672 2235 799 2297; x_wconf 86' lang='lat' dir='ltr'><strong>lucorum</strong></span> <span class='ocrx_word' id='word_1_162' title='bbox 819 2239 928 2298; x_wconf 84' lang='lat' dir='ltr'><strong>fuciunt</strong></span> <span class='ocrx_word' id='word_1_163' title='bbox 949 2235 1082 2315; x_wconf 89' lang='lat' dir='ltr'><strong>Propert.</strong></span> <span class='ocrx_word' id='word_1_164' title='bbox 1095 2236 1128 2312; x_wconf 84' lang='lat'><strong>3,</strong></span> <span class='ocrx_word' id='word_1_165' title='bbox 1152 2238 1190 2299; x_wconf 88' lang='lat'><strong>11</strong></span> <span class='ocrx_word' id='word_1_166' title='bbox 1203 2234 1283 2315; x_wconf 83' lang='lat'><strong>(12),</strong></span> <span class='ocrx_word' id='word_1_167' title='bbox 1304 2233 1355 2297; x_wconf 95' lang='grc'><strong>47.</strong></span> 
     </span>
     <span class='ocr_line' id='line_1_17' title="bbox 195 2337 1355 2415; baseline -0.003 -17"><span class='ocrx_word' id='word_1_168' title='bbox 195 2339 246 2398; x_wconf 83' lang='lat' dir='ltr'><strong>At</strong></span> <span class='ocrx_word' id='word_1_169' title='bbox 265 2358 348 2397; x_wconf 82' lang='lat' dir='ltr'><strong>nunc</strong></span> <span class='ocrx_word' id='word_1_170' title='bbox 367 2337 488 2396; x_wconf 72' lang='lat' dir='ltr'><strong>dosoris</strong></span> <span class='ocrx_word' id='word_1_171' title='bbox 510 2341 786 2397; x_wconf 62' lang='lat' dir='ltr'><strong>cessassemus</strong></span> <span class='ocrx_word' id='word_1_172' title='bbox 812 2340 900 2402; x_wconf 66' lang='lat' dir='ltr'><strong>uon.</strong></span> <span class='ocrx_word' id='word_1_173' title='bbox 941 2338 1051 2398; x_wconf 81' lang='lat' dir='ltr'><strong>Arnob.</strong></span> <span class='ocrx_word' id='word_1_174' title='bbox 1073 2340 1137 2396; x_wconf 82' lang='lat' dir='ltr'><strong>udv.</strong></span> <span class='ocrx_word' id='word_1_175' title='bbox 1160 2338 1249 2397; x_wconf 87' lang='lat' dir='ltr'><strong>Gent.</strong></span> <span class='ocrx_word' id='word_1_176' title='bbox 1272 2341 1303 2402; x_wconf 87' lang='grc'><strong>7.</strong></span> <span class='ocrx_word' id='word_1_177' title='bbox 1323 2358 1355 2415; x_wconf 87' lang='lat' dir='ltr'><strong>p.</strong></span> 
     </span>
     <span class='ocr_line' id='line_1_18' title="bbox 197 2440 1355 2520; baseline -0.005 -15"><span class='ocrx_word' id='word_1_178' title='bbox 197 2443 270 2508; x_wconf 86' lang='lat'><strong>216.</strong></span> <span class='ocrx_word' id='word_1_179' title='bbox 292 2440 444 2520; x_wconf 82' lang='lat' dir='ltr'><strong>numquid</strong></span> <span class='ocrx_word' id='word_1_180' title='bbox 463 2442 528 2497; x_wconf 74' lang='lat' dir='ltr'><strong>out</strong></span> <span class='ocrx_word' id='word_1_181' title='bbox 546 2442 765 2501; x_wconf 67' lang='lat' dir='ltr'><strong>monsterium</strong></span> <span class='ocrx_word' id='word_1_182' title='bbox 785 2441 870 2501; x_wconf 80' lang='lat' dir='ltr'><strong>lucos</strong></span> <span class='ocrx_word' id='word_1_183' title='bbox 891 2440 970 2502; x_wconf 65' lang='lat' dir='ltr'><strong>etsi</strong></span> <span class='ocrx_word' id='word_1_184' title='bbox 990 2440 1055 2499; x_wconf 80' lang='lat' dir='ltr'><strong>Alia</strong></span> <span class='ocrx_word' id='word_1_185' title='bbox 1075 2441 1260 2519; x_wconf 78' lang='lat' dir='ltr'><strong>suppeditent</strong></span> <span class='ocrx_word' id='word_1_186' title='bbox 1279 2440 1355 2501; x_wconf 79' lang='lat' dir='ltr'><strong>Lac-</strong></span> 
     </span>
     <span class='ocr_line' id='line_1_19' title="bbox 194 2542 1356 2623; baseline -0.003 -20"><span class='ocrx_word' id='word_1_187' title='bbox 194 2551 269 2604; x_wconf 84' lang='lat' dir='ltr'><strong>tnnt.</strong></span> <span class='ocrx_word' id='word_1_188' title='bbox 286 2543 395 2602; x_wconf 74' lang='lat' dir='ltr'><strong>Placid.</strong></span> <span class='ocrx_word' id='word_1_189' title='bbox 415 2543 452 2600; x_wconf 88' lang='lat' dir='ltr'><strong>nd</strong></span> <span class='ocrx_word' id='word_1_190' title='bbox 469 2544 544 2603; x_wconf 77' lang='lat' dir='ltr'><strong>Stat.</strong></span> <span class='ocrx_word' id='word_1_191' title='bbox 565 2543 660 2603; x_wconf 87' lang='lat' dir='ltr'><strong>Theb.</strong></span> <span class='ocrx_word' id='word_1_192' title='bbox 679 2542 712 2621; x_wconf 85' lang='lat'><strong>4,</strong></span> <span class='ocrx_word' id='word_1_193' title='bbox 730 2543 795 2609; x_wconf 84' lang='grc'><strong>419</strong></span> <span class='ocrx_word' id='word_1_194' title='bbox 816 2564 882 2623; x_wconf 91' lang='lat' dir='ltr'><strong>sqq.</strong></span> <span class='ocrx_word' id='word_1_195' title='bbox 924 2542 1062 2603; x_wconf 77' lang='lat' dir='ltr'><strong>Almelov.</strong></span> <span class='ocrx_word' id='word_1_196' title='bbox 1083 2543 1193 2619; x_wconf 87' lang='lat' dir='ltr'><strong>Opusc.</strong></span> <span class='ocrx_word' id='word_1_197' title='bbox 1208 2564 1239 2621; x_wconf 87' lang='lat' dir='ltr'><strong>p.</strong></span> <span class='ocrx_word' id='word_1_198' title='bbox 1255 2545 1294 2607; x_wconf 86' lang='lat'><strong>21</strong></span> <span class='ocrx_word' id='word_1_199' title='bbox 1311 2564 1356 2620; x_wconf 91' lang='lat' dir='ltr'><strong>sq.</strong></span> 
     </span>
     <span class='ocr_line' id='line_1_20' title="bbox 196 2644 1356 2724; baseline 0.002 -19"><span class='ocrx_word' id='word_1_200' title='bbox 196 2648 321 2724; x_wconf 81' lang='lat' dir='ltr'><strong>interpp.</strong></span> <span class='ocrx_word' id='word_1_201' title='bbox 340 2644 379 2703; x_wconf 82' lang='lat' dir='ltr'><strong>ad</strong></span> <span class='ocrx_word' id='word_1_202' title='bbox 404 2645 522 2714; x_wconf 87' lang='lat' dir='ltr'><strong>Quintil.</strong></span> <span class='ocrx_word' id='word_1_203' title='bbox 544 2645 614 2704; x_wconf 86' lang='lat' dir='ltr'><strong>lust.</strong></span> <span class='ocrx_word' id='word_1_204' title='bbox 636 2649 694 2722; x_wconf 89' lang='lat'><strong>10,</strong></span> <span class='ocrx_word' id='word_1_205' title='bbox 729 2651 766 2723; x_wconf 90' lang='lat'><strong>1,</strong></span> <span class='ocrx_word' id='word_1_206' title='bbox 802 2650 855 2711; x_wconf 93' lang='lat'><strong>88.</strong></span> <span class='ocrx_word' id='word_1_207' title='bbox 898 2646 1020 2705; x_wconf 80' lang='lat' dir='ltr'><strong>Becker.</strong></span> <span class='ocrx_word' id='word_1_208' title='bbox 1040 2646 1080 2704; x_wconf 79' lang='lat' dir='ltr'><strong>sd</strong></span> <span class='ocrx_word' id='word_1_209' title='bbox 1097 2645 1182 2703; x_wconf 87' lang='lat' dir='ltr'><strong>Orid.</strong></span> <span class='ocrx_word' id='word_1_210' title='bbox 1204 2644 1301 2703; x_wconf 80' lang='lat' dir='ltr'><strong>Amor.</strong></span> <span class='ocrx_word' id='word_1_211' title='bbox 1323 2645 1356 2721; x_wconf 87' lang='lat'><strong>3,</strong></span> 
     </span>
     <span class='ocr_line' id='line_1_21' title="bbox 198 2744 1356 2826; baseline -0.007 -14"><span class='ocrx_word' id='word_1_212' title='bbox 198 2750 249 2824; x_wconf 85' lang='lat'><strong>13,</strong></span> <span class='ocrx_word' id='word_1_213' title='bbox 269 2752 299 2811; x_wconf 93' lang='grc'><strong>7.</strong></span> <span class='ocrx_word' id='word_1_214' title='bbox 320 2750 351 2807; x_wconf 90' lang='lat' dir='ltr'><strong>in</strong></span> <span class='ocrx_word' id='word_1_215' title='bbox 369 2746 453 2825; x_wconf 80' lang='lat' dir='ltr'><strong>Eleg.</strong></span> <span class='ocrx_word' id='word_1_216' title='bbox 471 2745 557 2806; x_wconf 84' lang='lat' dir='ltr'><strong>Rom.</strong></span> <span class='ocrx_word' id='word_1_217' title='bbox 577 2768 608 2826; x_wconf 91' lang='lat' dir='ltr'><strong>p.</strong></span> <span class='ocrx_word' id='word_1_218' title='bbox 632 2749 705 2812; x_wconf 85' lang='grc'><strong>175.</strong></span> <span class='ocrx_word' id='word_1_219' title='bbox 746 2749 869 2825; x_wconf 73' lang='lat' dir='ltr'><strong>Rupere</strong></span> <span class='ocrx_word' id='word_1_220' title='bbox 888 2749 926 2806; x_wconf 80' lang='lat' dir='ltr'><strong>ad</strong></span> <span class='ocrx_word' id='word_1_221' title='bbox 944 2748 1017 2806; x_wconf 79' lang='lat' dir='ltr'><strong>Tac.</strong></span> <span class='ocrx_word' id='word_1_222' title='bbox 1039 2748 1138 2805; x_wconf 86' lang='lat' dir='ltr'><strong>Germ.</strong></span> <span class='ocrx_word' id='word_1_223' title='bbox 1160 2744 1201 2818; x_wconf 92' lang='grc'><strong>9,</strong></span> <span class='ocrx_word' id='word_1_224' title='bbox 1224 2748 1254 2807; x_wconf 92' lang='grc'><strong>7.</strong></span> <span class='ocrx_word' id='word_1_225' title='bbox 1295 2744 1356 2805; x_wconf 90' lang='lat' dir='ltr'><strong>Lu-</strong></span> 
     </span>
     <span class='ocr_line' id='line_1_22' title="bbox 197 2845 1356 2926; baseline -0.004 -16"><span class='ocrx_word' id='word_1_226' title='bbox 197 2852 271 2910; x_wconf 85' lang='lat' dir='ltr'><strong>cian.</strong></span> <span class='ocrx_word' id='word_1_227' title='bbox 285 2852 324 2909; x_wconf 91' lang='lat' dir='ltr'><strong>de</strong></span> <span class='ocrx_word' id='word_1_228' title='bbox 345 2851 457 2908; x_wconf 81' lang='lat' dir='ltr'><strong>Sacrifi.</strong></span> <span class='ocrx_word' id='word_1_229' title='bbox 473 2851 525 2912; x_wconf 93' lang='grc'><strong>10.</strong></span> <span class='ocrx_word' id='word_1_230' title='bbox 540 2855 571 2908; x_wconf 85' lang='lat' dir='ltr'><strong>et</strong></span> <span class='ocrx_word' id='word_1_231' title='bbox 590 2869 663 2926; x_wconf 89' lang='lat' dir='ltr'><strong>qnos</strong></span> <span class='ocrx_word' id='word_1_232' title='bbox 684 2848 782 2907; x_wconf 79' lang='lat' dir='ltr'><strong>lnndst</strong></span> <span class='ocrx_word' id='word_1_233' title='bbox 794 2848 901 2907; x_wconf 81' lang='lat' dir='ltr'><strong>Wrner.</strong></span> <span class='ocrx_word' id='word_1_234' title='bbox 916 2851 945 2906; x_wconf 90' lang='lat' dir='ltr'><strong>in</strong></span> <span class='ocrx_word' id='word_1_235' title='bbox 960 2848 1058 2925; x_wconf 80' lang='lat' dir='ltr'><strong>„Bibl</strong></span> <span class='ocrx_word' id='word_1_236' title='bbox 1080 2845 1356 2906; x_wconf 77' lang='lat' dir='ltr'><strong>Reulwiirterbnch“</strong></span> 
     </span>
     <span class='ocr_line' id='line_1_23' title="bbox 197 2947 1355 3031; baseline -0.006 -17"><span class='ocrx_word' id='word_1_237' title='bbox 197 2955 221 3014; x_wconf 93' lang='lat' dir='ltr'><strong>l.</strong></span> <span class='ocrx_word' id='word_1_238' title='bbox 242 2974 273 3031; x_wconf 79' lang='lat' dir='ltr'><strong>p·</strong></span> <span class='ocrx_word' id='word_1_239' title='bbox 295 2949 366 3016; x_wconf 85' lang='grc'><strong>584.</strong></span> <span class='ocrx_word' id='word_1_240' title='bbox 388 2954 435 3013; x_wconf 86' lang='lat' dir='ltr'><strong>ed.</strong></span> <span class='ocrx_word' id='word_1_241' title='bbox 456 2956 504 3028; x_wconf 87' lang='grc'><strong>2.,</strong></span> <span class='ocrx_word' id='word_1_242' title='bbox 539 2949 641 3028; x_wconf 87' lang='lat' dir='ltr'><strong>quibus</strong></span> <span class='ocrx_word' id='word_1_243' title='bbox 665 2950 742 3008; x_wconf 79' lang='lat' dir='ltr'><strong>udde</strong></span> <span class='ocrx_word' id='word_1_244' title='bbox 762 2948 906 3008; x_wconf 63' lang='lat' dir='ltr'><strong>Movere:</strong></span> <span class='ocrx_word' id='word_1_245' title='bbox 942 2949 1020 3020; x_wconf 79' lang='lat' dir='ltr'><strong>„die</strong></span> <span class='ocrx_word' id='word_1_246' title='bbox 1040 2947 1255 3007; x_wconf 76' lang='lat' dir='ltr'><strong>Phoenisier.“</strong></span> <span class='ocrx_word' id='word_1_247' title='bbox 1281 2950 1303 3007; x_wconf 92' lang='lat'><strong>1.</strong></span> <span class='ocrx_word' id='word_1_248' title='bbox 1325 2968 1355 3027; x_wconf 88' lang='lat' dir='ltr'><strong>p.</strong></span> 
     </span>
     <span class='ocr_line' id='line_1_24' title="bbox 198 3055 347 3133; baseline -0.04 -15"><span class='ocrx_word' id='word_1_249' title='bbox 198 3055 262 3118; x_wconf 88' lang='grc'><strong>579</strong></span> <span class='ocrx_word' id='word_1_250' title='bbox 281 3075 347 3133; x_wconf 87' lang='lat' dir='ltr'><strong>sqq.</strong></span> 
     </span>
    </p>

    <p class='ocr_par' dir='ltr' id='par_1_4' title="bbox 197 3150 1359 4672">
     <span class='ocr_line' id='line_1_25' title="bbox 282 3150 1358 3232; baseline -0.005 -16"><span class='ocrx_word' id='word_1_251' title='bbox 282 3155 318 3216; x_wconf 88' lang='lat' dir='ltr'><strong>V.</strong></span> <span class='ocrx_word' id='word_1_252' title='bbox 338 3158 389 3221; x_wconf 89' lang='grc'><strong>82.</strong></span> <span class='ocrx_word' id='word_1_253' title='bbox 410 3156 463 3220; x_wconf 85' lang='grc'><strong>88.</strong></span> <span class='ocrx_word' id='word_1_254' title='bbox 490 3175 563 3214; x_wconf 77' lang='lat' dir='ltr'><strong>cave</strong></span> <span class='ocrx_word' id='word_1_255' title='bbox 582 3186 627 3199; x_wconf 89' lang='lat'><em>-</em></span> <span class='ocrx_word' id='word_1_256' title='bbox 641 3153 775 3232; x_wconf 76' lang='lat' dir='ltr'><strong>perdas,</strong></span> <span class='ocrx_word' id='word_1_257' title='bbox 803 3156 822 3211; x_wconf 89' lang='lat' dir='ltr'><strong>i.</strong></span> <span class='ocrx_word' id='word_1_258' title='bbox 843 3175 870 3213; x_wconf 90' lang='lat' dir='ltr'><strong>e.</strong></span> <span class='ocrx_word' id='word_1_259' title='bbox 890 3172 1021 3231; x_wconf 77' lang='lat' dir='ltr'><strong>„quaere</strong></span> <span class='ocrx_word' id='word_1_260' title='bbox 1042 3170 1113 3229; x_wconf 85' lang='lat' dir='ltr'><strong>opes</strong></span> <span class='ocrx_word' id='word_1_261' title='bbox 1135 3150 1180 3208; x_wconf 84' lang='lat' dir='ltr'><strong>vel</strong></span> <span class='ocrx_word' id='word_1_262' title='bbox 1199 3160 1358 3213; x_wconf 68' lang='lat' dir='ltr'><strong>mouture</strong></span> 
     </span>
     <span class='ocr_line' id='line_1_26' title="bbox 198 3252 1359 3338; baseline -0.005 -19"><span class='ocrx_word' id='word_1_263' title='bbox 198 3262 245 3320; x_wconf 82' lang='lat' dir='ltr'><strong>vel</strong></span> <span class='ocrx_word' id='word_1_264' title='bbox 268 3258 496 3338; x_wconf 78' lang='lat' dir='ltr'><strong>negotiatione.“</strong></span> <span class='ocrx_word' id='word_1_265' title='bbox 538 3258 611 3317; x_wconf 93' lang='lat' dir='ltr'><strong>lllud</strong></span> <span class='ocrx_word' id='word_1_266' title='bbox 627 3258 756 3317; x_wconf 80' lang='lat' dir='ltr'><strong>iudicent</strong></span> <span class='ocrx_word' id='word_1_267' title='bbox 773 3256 875 3315; x_wconf 81' lang='lat' dir='ltr'><strong>verbs:</strong></span> <span class='ocrx_word' id='word_1_268' title='bbox 905 3276 993 3331; x_wconf 80' lang='lat' dir='ltr'><strong>cave,</strong></span> <span class='ocrx_word' id='word_1_269' title='bbox 1013 3275 1051 3313; x_wconf 80' lang='lat' dir='ltr'><strong>ne</strong></span> <span class='ocrx_word' id='word_1_270' title='bbox 1068 3288 1112 3300; x_wconf 88' lang='grc'><strong>-</strong></span> <span class='ocrx_word' id='word_1_271' title='bbox 1130 3252 1222 3330; x_wconf 80' lang='lat' dir='ltr'><strong>alter,</strong></span> <span class='ocrx_word' id='word_1_272' title='bbox 1243 3254 1299 3315; x_wconf 89' lang='lat' dir='ltr'><strong>lroc</strong></span> <span class='ocrx_word' id='word_1_273' title='bbox 1320 3275 1359 3313; x_wconf 80' lang='lat' dir='ltr'><strong>ns</strong></span> 
     </span>
     <span class='ocr_line' id='line_1_27' title="bbox 203 3355 1358 3443; baseline -0.007 -19"><span class='ocrx_word' id='word_1_274' title='bbox 203 3363 399 3443; x_wconf 81' lang='lat' dir='ltr'><strong>Cibyrntlu&#39;cn</strong></span> <span class='ocrx_word' id='word_1_275' title='bbox 418 3394 463 3407; x_wconf 91' lang='lat'><strong>--</strong></span> <span class='ocrx_word' id='word_1_276' title='bbox 479 3360 601 3440; x_wconf 77' lang='lat' dir='ltr'><strong>perdas.</strong></span> <span class='ocrx_word' id='word_1_277' title='bbox 642 3361 716 3420; x_wconf 89' lang='lat' dir='ltr'><strong>Illud</strong></span> <span class='ocrx_word' id='word_1_278' title='bbox 737 3359 853 3420; x_wconf 81' lang='lat' dir='ltr'><strong>Persius</strong></span> <span class='ocrx_word' id='word_1_279' title='bbox 873 3360 917 3419; x_wconf 87' lang='lat' dir='ltr'><strong>sic</strong></span> <span class='ocrx_word' id='word_1_280' title='bbox 936 3359 988 3439; x_wconf 89' lang='grc'><strong>(6,</strong></span> <span class='ocrx_word' id='word_1_281' title='bbox 1009 3355 1094 3436; x_wconf 85' lang='lat'><strong>75.):</strong></span> <span class='ocrx_word' id='word_1_282' title='bbox 1115 3375 1247 3415; x_wconf 74' lang='lat' dir='ltr'><strong>merom</strong></span> <span class='ocrx_word' id='word_1_283' title='bbox 1266 3368 1358 3437; x_wconf 76' lang='lat' dir='ltr'><strong>atque</strong></span> 
     </span>
     <span class='ocr_line' id='line_1_28' title="bbox 198 3460 1357 3539; baseline -0.008 -12"><span class='ocrx_word' id='word_1_284' title='bbox 198 3479 300 3527; x_wconf 65' lang='lat' dir='ltr'><strong>acute</strong></span> <span class='ocrx_word' id='word_1_285' title='bbox 317 3465 421 3526; x_wconf 75' lang='lat' dir='ltr'><strong>sollers</strong></span> <span class='ocrx_word' id='word_1_286' title='bbox 446 3464 541 3522; x_wconf 83' lang='lat' dir='ltr'><strong>Omne</strong></span> <span class='ocrx_word' id='word_1_287' title='bbox 561 3462 644 3521; x_wconf 71' lang='lat' dir='ltr'><strong>lunas</strong></span> <span class='ocrx_word' id='word_1_288' title='bbox 666 3462 775 3521; x_wconf 81' lang='lat' dir='ltr'><strong>mundi</strong></span> <span class='ocrx_word' id='word_1_289' title='bbox 793 3482 849 3521; x_wconf 84' lang='lat' dir='ltr'><strong>nec</strong></span> <span class='ocrx_word' id='word_1_290' title='bbox 869 3464 910 3520; x_wconf 80' lang='lat' dir='ltr'><strong>sit</strong></span> <span class='ocrx_word' id='word_1_291' title='bbox 924 3461 1130 3539; x_wconf 77' lang='lat' dir='ltr'><strong>praestantior</strong></span> <span class='ocrx_word' id='word_1_292' title='bbox 1149 3460 1237 3522; x_wconf 77' lang='lat' dir='ltr'><strong>alter.</strong></span> <span class='ocrx_word' id='word_1_293' title='bbox 1279 3460 1357 3519; x_wconf 81' lang='lat' dir='ltr'><strong>Malo</strong></span> 
     </span>
     <span class='ocr_line' id='line_1_29' title="bbox 197 3564 1358 3647; baseline -0.007 -18"><span class='ocrx_word' id='word_1_294' title='bbox 197 3579 306 3647; x_wconf 84' lang='lat' dir='ltr'><strong>sutem,</strong></span> <span class='ocrx_word' id='word_1_295' title='bbox 327 3568 404 3647; x_wconf 91' lang='lat' dir='ltr'><strong>qnod</strong></span> <span class='ocrx_word' id='word_1_296' title='bbox 422 3568 484 3625; x_wconf 80' lang='lat' dir='ltr'><strong>lere</strong></span> <span class='ocrx_word' id='word_1_297' title='bbox 505 3566 613 3625; x_wconf 83' lang='lat' dir='ltr'><strong>fuciunt</strong></span> <span class='ocrx_word' id='word_1_298' title='bbox 627 3568 811 3644; x_wconf 80' lang='lat' dir='ltr'><strong>interpretes,</strong></span> <span class='ocrx_word' id='word_1_299' title='bbox 829 3571 981 3639; x_wconf 87' lang='lat' dir='ltr'><strong>utrumque</strong></span> <span class='ocrx_word' id='word_1_300' title='bbox 1002 3582 1116 3621; x_wconf 88' lang='lat' dir='ltr'><strong>versum</strong></span> <span class='ocrx_word' id='word_1_301' title='bbox 1134 3564 1170 3622; x_wconf 81' lang='lat' dir='ltr'><strong>ad</strong></span> <span class='ocrx_word' id='word_1_302' title='bbox 1189 3582 1275 3622; x_wconf 84' lang='lat' dir='ltr'><strong>unum</strong></span> <span class='ocrx_word' id='word_1_303' title='bbox 1289 3582 1358 3622; x_wconf 83' lang='lat' dir='ltr'><strong>enn-</strong></span> 
     </span>
     <span class='ocr_line' id='line_1_30' title="bbox 198 3664 1358 3751; baseline -0.008 -20"><span class='ocrx_word' id='word_1_304' title='bbox 198 3676 320 3751; x_wconf 87' lang='lat' dir='ltr'><strong>demqne</strong></span> <span class='ocrx_word' id='word_1_305' title='bbox 336 3691 399 3731; x_wconf 88' lang='lat' dir='ltr'><strong>rem</strong></span> <span class='ocrx_word' id='word_1_306' title='bbox 414 3669 533 3744; x_wconf 82' lang='lat' dir='ltr'><strong>referre,</strong></span> <span class='ocrx_word' id='word_1_307' title='bbox 550 3674 583 3726; x_wconf 89' lang='lat' dir='ltr'><strong>ut</strong></span> <span class='ocrx_word' id='word_1_308' title='bbox 602 3668 633 3726; x_wconf 89' lang='lat' dir='ltr'><strong>in</strong></span> <span class='ocrx_word' id='word_1_309' title='bbox 648 3688 710 3727; x_wconf 80' lang='lat' dir='ltr'><strong>voc.</strong></span> <span class='ocrx_word' id='word_1_310' title='bbox 725 3668 839 3745; x_wconf 77' lang='lat' dir='ltr'><strong>perdas</strong></span> <span class='ocrx_word' id='word_1_311' title='bbox 856 3666 1044 3725; x_wconf 82' lang='lat' dir='ltr'><strong>cunctationis</strong></span> <span class='ocrx_word' id='word_1_312' title='bbox 1063 3664 1146 3743; x_wconf 79' lang='lat' dir='ltr'><strong>culpa</strong></span> <span class='ocrx_word' id='word_1_313' title='bbox 1166 3664 1233 3723; x_wconf 87' lang='lat' dir='ltr'><strong>insit</strong></span> <span class='ocrx_word' id='word_1_314' title='bbox 1248 3670 1278 3723; x_wconf 90' lang='lat' dir='ltr'><strong>et</strong></span> <span class='ocrx_word' id='word_1_315' title='bbox 1298 3670 1358 3723; x_wconf 87' lang='lat' dir='ltr'><strong>tnr-</strong></span> 
     </span>
     <span class='ocr_line' id='line_1_31' title="bbox 200 3764 1358 3845; baseline -0.005 -14"><span class='ocrx_word' id='word_1_316' title='bbox 200 3776 307 3833; x_wconf 82' lang='lat' dir='ltr'><strong>ditntis.</strong></span> <span class='ocrx_word' id='word_1_317' title='bbox 348 3776 441 3833; x_wconf 89' lang='lat' dir='ltr'><strong>Notio</strong></span> <span class='ocrx_word' id='word_1_318' title='bbox 455 3773 530 3831; x_wconf 90' lang='lat' dir='ltr'><strong>enim</strong></span> <span class='ocrx_word' id='word_1_319' title='bbox 549 3769 629 3830; x_wconf 82' lang='lat' dir='ltr'><strong>verbi</strong></span> <span class='ocrx_word' id='word_1_320' title='bbox 650 3769 780 3827; x_wconf 76' lang='lat' dir='ltr'><strong>cavendi</strong></span> <span class='ocrx_word' id='word_1_321' title='bbox 798 3770 953 3829; x_wconf 86' lang='lat' dir='ltr'><strong>intenditur</strong></span> <span class='ocrx_word' id='word_1_322' title='bbox 974 3768 1098 3845; x_wconf 82' lang='lat' dir='ltr'><strong>repetita</strong></span> <span class='ocrx_word' id='word_1_323' title='bbox 1112 3764 1253 3845; x_wconf 77' lang='lat' dir='ltr'><strong>particula</strong></span> <span class='ocrx_word' id='word_1_324' title='bbox 1274 3786 1311 3823; x_wconf 81' lang='lat' dir='ltr'><strong>no</strong></span> <span class='ocrx_word' id='word_1_325' title='bbox 1328 3768 1358 3825; x_wconf 90' lang='lat' dir='ltr'><strong>in</strong></span> 
     </span>
     <span class='ocr_line' id='line_1_32' title="bbox 202 3866 1359 3952; baseline -0.007 -17"><span class='ocrx_word' id='word_1_326' title='bbox 202 3875 375 3935; x_wconf 78' lang='lat' dir='ltr'><strong>cumulandis</strong></span> <span class='ocrx_word' id='word_1_327' title='bbox 396 3878 451 3952; x_wconf 88' lang='lat' dir='ltr'><strong>iis,</strong></span> <span class='ocrx_word' id='word_1_328' title='bbox 482 3894 555 3952; x_wconf 83' lang='lat' dir='ltr'><strong>qnae</strong></span> <span class='ocrx_word' id='word_1_329' title='bbox 574 3868 650 3937; x_wconf 73' lang='lat' dir='ltr'><strong>sord</strong></span> <span class='ocrx_word' id='word_1_330' title='bbox 672 3866 818 3952; x_wconf 74' lang='grc' dir='ltr'><strong>μερισμὸν</strong></span> <span class='ocrx_word' id='word_1_331' title='bbox 839 3876 1056 3944; x_wconf 76' lang='lat' dir='ltr'><strong>enumerantur,</strong></span> <span class='ocrx_word' id='word_1_332' title='bbox 1087 3868 1129 3927; x_wconf 90' lang='lat' dir='ltr'><strong>nti</strong></span> <span class='ocrx_word' id='word_1_333' title='bbox 1149 3868 1290 3945; x_wconf 80' lang='lat' dir='ltr'><strong>particula</strong></span> <span class='ocrx_word' id='word_1_334' title='bbox 1303 3889 1359 3946; x_wconf 79' lang='lat' dir='ltr'><strong>per</strong></span> 
     </span>
     <span class='ocr_line' id='line_1_33' title="bbox 200 3972 1359 4055; baseline -0.006 -18"><span class='ocrx_word' id='word_1_335' title='bbox 200 3976 295 4055; x_wconf 82' lang='lat' dir='ltr'><strong>Epist.</strong></span> <span class='ocrx_word' id='word_1_336' title='bbox 312 3979 342 4052; x_wconf 89' lang='lat'><strong>1,</strong></span> <span class='ocrx_word' id='word_1_337' title='bbox 364 3981 394 4052; x_wconf 93' lang='lat'><strong>1,</strong></span> <span class='ocrx_word' id='word_1_338' title='bbox 415 3977 467 4039; x_wconf 87' lang='grc'><strong>46.</strong></span> <span class='ocrx_word' id='word_1_339' title='bbox 487 3985 518 4037; x_wconf 88' lang='lat' dir='ltr'><strong>et</strong></span> <span class='ocrx_word' id='word_1_340' title='bbox 538 3978 566 4035; x_wconf 84' lang='lat' dir='ltr'><strong>si</strong></span> <span class='ocrx_word' id='word_1_341' title='bbox 587 3980 617 4054; x_wconf 88' lang='lat'><strong>1,</strong></span> <span class='ocrx_word' id='word_1_342' title='bbox 641 3976 692 4051; x_wconf 89' lang='grc'><strong>16,</strong></span> <span class='ocrx_word' id='word_1_343' title='bbox 708 3975 740 4036; x_wconf 90' lang='grc'><strong>8.</strong></span> <span class='ocrx_word' id='word_1_344' title='bbox 755 3972 786 4031; x_wconf 91' lang='grc'><strong>9.</strong></span> <span class='ocrx_word' id='word_1_345' title='bbox 827 3972 960 4050; x_wconf 81' lang='lat' dir='ltr'><strong>Intellige</strong></span> <span class='ocrx_word' id='word_1_346' title='bbox 976 3976 1072 4031; x_wconf 82' lang='lat' dir='ltr'><strong>entem</strong></span> <span class='ocrx_word' id='word_1_347' title='bbox 1091 3972 1210 4047; x_wconf 73' lang='lat' dir='ltr'><strong>negotia</strong></span> <span class='ocrx_word' id='word_1_348' title='bbox 1227 3973 1359 4049; x_wconf 81' lang='lat' dir='ltr'><strong>negotia-</strong></span> 
     </span>
     <span class='ocr_line' id='line_1_34' title="bbox 198 4074 1359 4155; baseline -0.002 -18"><span class='ocrx_word' id='word_1_349' title='bbox 198 4085 292 4154; x_wconf 89' lang='lat' dir='ltr'><strong>tores,</strong></span> <span class='ocrx_word' id='word_1_350' title='bbox 313 4078 465 4136; x_wconf 88' lang='lat' dir='ltr'><strong>honestum</strong></span> <span class='ocrx_word' id='word_1_351' title='bbox 484 4078 552 4137; x_wconf 89' lang='lat' dir='ltr'><strong>illud</strong></span> <span class='ocrx_word' id='word_1_352' title='bbox 570 4086 601 4137; x_wconf 88' lang='lat' dir='ltr'><strong>et</strong></span> <span class='ocrx_word' id='word_1_353' title='bbox 619 4077 678 4137; x_wconf 80' lang='lat' dir='ltr'><strong>late</strong></span> <span class='ocrx_word' id='word_1_354' title='bbox 698 4076 873 4155; x_wconf 80' lang='lat' dir='ltr'><strong>diudgotnm</strong></span> <span class='ocrx_word' id='word_1_355' title='bbox 893 4076 1038 4135; x_wconf 88' lang='lat' dir='ltr'><strong>hominum</strong></span> <span class='ocrx_word' id='word_1_356' title='bbox 1052 4075 1182 4151; x_wconf 81' lang='lat' dir='ltr'><strong>quaestui</strong></span> <span class='ocrx_word' id='word_1_357' title='bbox 1198 4074 1359 4135; x_wconf 84' lang='lat' dir='ltr'><strong>deditorum</strong></span> 
     </span>
     <span class='ocr_line' id='line_1_35' title="bbox 199 4174 1358 4260; baseline -0.002 -20"><span class='ocrx_word' id='word_1_358' title='bbox 199 4200 303 4260; x_wconf 81' lang='lat' dir='ltr'><strong>genus,</strong></span> <span class='ocrx_word' id='word_1_359' title='bbox 330 4198 450 4256; x_wconf 89' lang='lat' dir='ltr'><strong>quorum</strong></span> <span class='ocrx_word' id='word_1_360' title='bbox 468 4182 605 4241; x_wconf 70' lang='lat' dir='ltr'><strong>sedulitas</strong></span> <span class='ocrx_word' id='word_1_361' title='bbox 623 4187 797 4257; x_wconf 70' lang='lat' dir='ltr'><strong>quaestuose</strong></span> <span class='ocrx_word' id='word_1_362' title='bbox 809 4180 856 4237; x_wconf 90' lang='lat' dir='ltr'><strong>hic</strong></span> <span class='ocrx_word' id='word_1_363' title='bbox 872 4179 920 4255; x_wconf 90' lang='lat' dir='ltr'><strong>[cf.</strong></span> <span class='ocrx_word' id='word_1_364' title='bbox 936 4179 998 4237; x_wconf 81' lang='lat' dir='ltr'><strong>Cic.</strong></span> <span class='ocrx_word' id='word_1_365' title='bbox 1011 4197 1055 4256; x_wconf 90' lang='lat' dir='ltr'><strong>pr.</strong></span> <span class='ocrx_word' id='word_1_366' title='bbox 1070 4174 1143 4254; x_wconf 79' lang='lat' dir='ltr'><strong>Leg.</strong></span> <span class='ocrx_word' id='word_1_367' title='bbox 1157 4175 1254 4234; x_wconf 85' lang='lat' dir='ltr'><strong>Munil.</strong></span> <span class='ocrx_word' id='word_1_368' title='bbox 1270 4177 1300 4237; x_wconf 89' lang='grc'><strong>6.</strong></span> <span class='ocrx_word' id='word_1_369' title='bbox 1314 4176 1358 4252; x_wconf 91' lang='grc'><strong>7.]</strong></span> 
     </span>
     <span class='ocr_line' id='line_1_36' title="bbox 199 4276 1358 4363; baseline -0.008 -19"><span class='ocrx_word' id='word_1_370' title='bbox 199 4286 328 4363; x_wconf 74' lang='grc' dir='ltr'><strong>ορρῐὶοιο</strong></span> <span class='ocrx_word' id='word_1_371' title='bbox 347 4282 527 4360; x_wconf 81' lang='lat' dir='ltr'><strong>describitur,</strong></span> <span class='ocrx_word' id='word_1_372' title='bbox 546 4303 606 4342; x_wconf 86' lang='lat' dir='ltr'><strong>non</strong></span> <span class='ocrx_word' id='word_1_373' title='bbox 614 4284 669 4362; x_wconf 91' lang='lat' dir='ltr'><strong>(nti</strong></span> <span class='ocrx_word' id='word_1_374' title='bbox 684 4282 869 4358; x_wconf 70' lang='lat' dir='ltr'><strong>Doeriugrice</strong></span> <span class='ocrx_word' id='word_1_375' title='bbox 883 4278 1000 4359; x_wconf 80' lang='lat' dir='ltr'><strong>aliique)</strong></span> <span class='ocrx_word' id='word_1_376' title='bbox 1018 4287 1204 4353; x_wconf 77' lang='lat' dir='ltr'><strong>mercatores,</strong></span> <span class='ocrx_word' id='word_1_377' title='bbox 1225 4276 1273 4356; x_wconf 89' lang='lat' dir='ltr'><strong>qni</strong></span> <span class='ocrx_word' id='word_1_378' title='bbox 1286 4276 1358 4336; x_wconf 82' lang='lat' dir='ltr'><strong>nrnl-</strong></span> 
     </span>
     <span class='ocr_line' id='line_1_37' title="bbox 198 4378 1356 4463; baseline -0.006 -17"><span class='ocrx_word' id='word_1_379' title='bbox 198 4396 259 4447; x_wconf 88' lang='lat' dir='ltr'><strong>tum</strong></span> <span class='ocrx_word' id='word_1_380' title='bbox 279 4383 425 4460; x_wconf 80' lang='lat' dir='ltr'><strong>differunt,</strong></span> <span class='ocrx_word' id='word_1_381' title='bbox 445 4386 503 4446; x_wconf 85' lang='lat' dir='ltr'><strong>vid.</strong></span> <span class='ocrx_word' id='word_1_382' title='bbox 526 4404 611 4463; x_wconf 85' lang='lat' dir='ltr'><strong>quem</strong></span> <span class='ocrx_word' id='word_1_383' title='bbox 628 4386 727 4447; x_wconf 81' lang='lat' dir='ltr'><strong>laudnt</strong></span> <span class='ocrx_word' id='word_1_384' title='bbox 744 4384 896 4445; x_wconf 83' lang='lat' dir='ltr'><strong>Heindorf.</strong></span> <span class='ocrx_word' id='word_1_385' title='bbox 917 4384 955 4441; x_wconf 79' lang='lat' dir='ltr'><strong>ed</strong></span> <span class='ocrx_word' id='word_1_386' title='bbox 975 4384 1036 4441; x_wconf 75' lang='lat' dir='ltr'><strong>Sat.</strong></span> <span class='ocrx_word' id='word_1_387' title='bbox 1059 4388 1090 4459; x_wconf 90' lang='lat'><strong>1,</strong></span> <span class='ocrx_word' id='word_1_388' title='bbox 1113 4384 1146 4457; x_wconf 90' lang='grc'><strong>7,</strong></span> <span class='ocrx_word' id='word_1_389' title='bbox 1167 4379 1198 4439; x_wconf 88' lang='grc'><strong>4.</strong></span> <span class='ocrx_word' id='word_1_390' title='bbox 1239 4378 1356 4439; x_wconf 83' lang='lat' dir='ltr'><strong>Ernest.</strong></span> 
     </span>
     <span class='ocr_line' id='line_1_38' title="bbox 198 4482 1355 4567; baseline -0.003 -20"><span class='ocrx_word' id='word_1_391' title='bbox 198 4490 229 4547; x_wconf 95' lang='lat' dir='ltr'><strong>in</strong></span> <span class='ocrx_word' id='word_1_392' title='bbox 250 4487 333 4547; x_wconf 80' lang='lat' dir='ltr'><strong>Clau.</strong></span> <span class='ocrx_word' id='word_1_393' title='bbox 353 4486 415 4547; x_wconf 78' lang='lat' dir='ltr'><strong>Cic.</strong></span> <span class='ocrx_word' id='word_1_394' title='bbox 436 4508 464 4545; x_wconf 84' lang='lat' dir='ltr'><strong>v.</strong></span> <span class='ocrx_word' id='word_1_395' title='bbox 480 4491 647 4567; x_wconf 61' lang='lat' dir='ltr'><strong>negotietur</strong></span> <span class='ocrx_word' id='word_1_396' title='bbox 667 4494 698 4548; x_wconf 86' lang='lat' dir='ltr'><strong>et</strong></span> <span class='ocrx_word' id='word_1_397' title='bbox 723 4490 754 4547; x_wconf 90' lang='lat' dir='ltr'><strong>in</strong></span> <span class='ocrx_word' id='word_1_398' title='bbox 781 4486 891 4564; x_wconf 83' lang='lat' dir='ltr'><strong>Opusc.</strong></span> <span class='ocrx_word' id='word_1_399' title='bbox 909 4484 1046 4563; x_wconf 81' lang='lat' dir='ltr'><strong>philolog.</strong></span> <span class='ocrx_word' id='word_1_400' title='bbox 1067 4504 1098 4561; x_wconf 91' lang='lat' dir='ltr'><strong>p.</strong></span> <span class='ocrx_word' id='word_1_401' title='bbox 1118 4486 1149 4547; x_wconf 87' lang='lat'><strong>8.</strong></span> <span class='ocrx_word' id='word_1_402' title='bbox 1167 4501 1249 4560; x_wconf 63' lang='lat' dir='ltr'><strong>sqq„</strong></span> <span class='ocrx_word' id='word_1_403' title='bbox 1284 4482 1355 4543; x_wconf 81' lang='lat' dir='ltr'><strong>alios</strong></span> 
     </span>
     <span class='ocr_line' id='line_1_39' title="bbox 200 4582 1356 4672; baseline -0.01 -20"><span class='ocrx_word' id='word_1_404' title='bbox 200 4593 362 4672; x_wconf 86' lang='lat' dir='ltr'><strong>complures</strong></span> <span class='ocrx_word' id='word_1_405' title='bbox 391 4592 462 4653; x_wconf 79' lang='lat' dir='ltr'><strong>citat</strong></span> <span class='ocrx_word' id='word_1_406' title='bbox 483 4590 580 4649; x_wconf 89' lang='lat' dir='ltr'><strong>Beier.</strong></span> <span class='ocrx_word' id='word_1_407' title='bbox 605 4591 644 4649; x_wconf 83' lang='lat' dir='ltr'><strong>nd</strong></span> <span class='ocrx_word' id='word_1_408' title='bbox 670 4592 732 4650; x_wconf 87' lang='lat' dir='ltr'><strong>Cic.</strong></span> <span class='ocrx_word' id='word_1_409' title='bbox 759 4590 876 4668; x_wconf 80' lang='lat' dir='ltr'><strong>Frngm.</strong></span> <span class='ocrx_word' id='word_1_410' title='bbox 899 4588 982 4647; x_wconf 77' lang='lat' dir='ltr'><strong>Oret.</strong></span> <span class='ocrx_word' id='word_1_411' title='bbox 1007 4608 1037 4665; x_wconf 88' lang='lat' dir='ltr'><strong>p.</strong></span> <span class='ocrx_word' id='word_1_412' title='bbox 1066 4582 1136 4649; x_wconf 90' lang='grc'><strong>194.</strong></span> <span class='ocrx_word' id='word_1_413' title='bbox 1180 4584 1281 4644; x_wconf 79' lang='lat' dir='ltr'><strong>Avien.</strong></span> <span class='ocrx_word' id='word_1_414' title='bbox 1303 4587 1356 4644; x_wconf 90' lang='lat' dir='ltr'><strong>Or.</strong></span> 
     </span>
    </p>
   </div>
   <div class='ocr_carea' id='block_1_4' title="bbox 0 0 1730 5334">
    <p class='ocr_par' dir='ltr' id='par_1_5' title="bbox 0 0 1730 5334">
     <span class='ocr_line' id='line_1_40' title="bbox 0 0 1730 5334; baseline 0 0"><span class='ocrx_word' id='word_1_415' title='bbox 0 0 1730 5334; x_wconf 95' lang='lat' dir='ltr'><strong> </strong></span> 
     </span>
    </p>
   </div>
  </div>
 </body>
</html>
