3450 5334
229 523 270 587 13
312 521 600 584 COMMENTARII
620 519 664 643 {N
684 516 854 582 HORA‘l‘ll
885 519 960 587 LlB.
973 521 997 582 1.
1017 518 1145 584 EPlST.
1162 521 1284 586 nm.
1327 520 1390 587 203

225 729 323 786 parvo
350 708 414 766 sule
433 707 663 778 detestarentur,
698 707 740 764 Et
765 707 867 766 vicina
894 705 955 764 sibi
977 706 1085 766 lamen
1105 709 1238 784 constuite
1261 720 1387 788 pontus.

228 810 379 869 Strabonis
400 809 491 869 locum
511 809 618 890 primus
638 809 841 887 interpretum,
874 810 953 883 quod
975 809 1079 887 mum,
1106 812 1218 890 aperuit
1247 813 1391 883 Oumeur,

229 912 390 972 Hollandus
412 910 458 968 ille
478 911 575 988 magni
595 911 735 988 nominis,
757 929 840 986 quem
858 915 973 969 secutur
997 917 1042 969 est
1059 911 1267 983 Wichmuo,
1289 920 1393 994 posteo

229 1015 260 1072 in
277 1013 399 1072 eundem
426 1013 524 1074 incidit
546 1011 732 1092 pluribusque
752 1032 832 1072 suam
857 1014 1027 1071 senitentiam
1047 1020 1130 1073 acute
1150 1015 1282 1096 probarit
1306 1035 1391 1093 argur-

229 1117 333 1176 mentis
358 1114 531 1173 Schmidiua
549 1115 578 1172 in
603 1113 704 1194 Progr.
724 1114 830 1192 schol,
858 1115 937 1190 quod
951 1133 1039 1193 supra
1052 1115 1206 1176 indicatum
1220 1122 1281 1194 est,
1302 1122 1392 1192 atque

229 1217 295 1276 huic
307 1219 389 1296 hujus
404 1217 458 1276 loci
469 1217 696 1296 interpretationi
710 1215 797 1298 plane
816 1215 972 1276 assentitur
991 1216 1132 1277 Orelliuo.
1177 1218 1275 1279 Hubet
1294 1224 1391 1278 tumen

230 1321 268 1378 ad
291 1338 383 1378 meum
412 1320 526 1394 quidem
552 1339 667 1380 sensum
687 1319 909 1380 Scholastnrum
933 1317 1101 1398 explicatio,
1134 1338 1192 1396 quo
1213 1339 1245 1380 se
1268 1327 1390 1380 tuentur.

231 1421 324 1481 Urbes
342 1421 416 1480 enim
431 1422 588 1480 maritimae
602 1441 689 1499 quum
701 1429 815 1500 praeter
827 1430 937 1483 ceteras
956 1418 1094 1481 babuerit
1112 1422 1238 1482 retificis
1252 1425 1282 1482 in
1301 1422 1391 1482 altum

230 1530 376 1583 exstructa
387 1525 416 1582 in
433 1522 617 1602 plurimisque
630 1525 784 1586 eminentes
797 1546 814 1586 e
828 1525 911 1585 tectis
925 1523 1163 1602 contignationes,
1184 1524 1262 1585 unde
1271 1525 1303 1582 ia
1312 1541 1391 1583 mare

231 1643 374 1702 navesque
396 1625 540 1685 venientes
559 1632 589 1684 et
608 1625 745 1686 abeuntes
766 1627 891 1708 prospici
913 1633 1026 1705 posset,
1052 1625 1111 1684 lieri
1132 1626 1245 1703 potuit,
1271 1633 1306 1686 ut
1327 1626 1391 1688 illue

230 1727 314 1785 urbes
331 1720 395 1788 κατ’
416 1724 522 1808 ἒξοχήν
542 1738 638 1785 turres
661 1729 828 1792 dicerentur.
874 1727 954 1805 Virg.
968 1727 1020 1787 Ge.
1044 1724 1078 1805 4,
1103 1728 1174 1790 125.
1190 1727 1243 1809 (ib.
1258 1727 1391 1810 Forbig.)

231 1828 287 1886 sub
307 1827 452 1886 Oebaliae
463 1863 505 1876 -
521 1827 655 1888 turribus
670 1831 752 1888 altis.
777 1831 844 1893 Tib.
858 1832 887 1910 1,
903 1836 934 1910 7,
950 1833 1004 1912 [8],
1023 1833 1074 1894 19.
1099 1830 1239 1911 (Bromia.
1255 1837 1286 1889 et
1298 1828 1390 1910 Dius.)

237 1933 335 2010 thue
375 1933 469 1988 neuris
499 1942 621 1989 uastum
649 1945 817 2010 prospectet
838 1934 973 1992 turribus
1006 1953 1119 2013 aequior
1155 1935 1265 1991 Prima
1295 1943 1389 1990 ratem

231 2037 326 2092 ventio
343 2033 458 2090 credere
474 2033 563 2090 docta
580 2035 682 2112 Tyros.
727 2032 828 2098 Anien.
845 2035 938 2098 deser.
954 2037 992 2103 0.
1004 2035 1043 2097 Τ.
1064 2036 1148 2097 1076
1162 2033 1245 2114 (ibiq.
1257 2035 1389 2095 Wernsd.

229 2135 266 2193 V.
288 2156 319 2214 p.
338 2131 435 2214 1104)
458 2135 572 2192 Litoris
595 2145 721 2192 extrenw
740 2147 834 2214 eaput
850 2138 927 2196 altis
948 2137 1081 2196 turribus
1098 2137 1184 2218 msere
1203 2135 1338 2195 Laodice
1363 2147 1392 2193 et

228 2237 338 2317 glauci
352 2235 577 2312 praelambimr
598 2240 737 2315 aequoris
764 2240 860 2298 undu.
905 2239 1040 2300 Priscian.
1058 2237 1169 2316 Peieg.
1189 2235 1263 2302 858.
1305 2239 1389 2296 Lao-

230 2341 317 2398 dicen
327 2339 445 2416 pariter
451 2341 585 2416 positam
593 2357 690 2416 prope
705 2338 779 2399 duo
793 2362 954 2401 amoenum
967 2341 1110 2401 etPosidi
1125 2351 1221 2398 mnes
1235 2350 1264 2397 et
1276 2340 1390 2420 Daph-

230 2463 283 2500 nea
308 2443 422 2519 optimu
445 2443 563 2518 Tempe.
610 2440 682 2504 Plin.
709 2443 749 2506 Η.
771 2441 811 2506 N.
832 2445 869 2522 5,
897 2446 947 2508 13.
992 2445 1143 2503 Stratonis
1157 2444 1266 2513 lutrio,
1287 2442 1390 2501 eadem

236 2546 382 2604 &mareu
396 2540 437 2600 ab
448 2543 570 2601 Herode
587 2543 719 2603 conditu.
766 2545 852 2608 Ouid.
866 2546 985 2610 Heroid.
1001 2548 1053 2625 18,
1073 2547 1123 2610 12.
1141 2546 1179 2604 de
1190 2547 1254 2625 ipsa
1270 2542 1389 2622 Abydo:

230 2667 324 2728 quum
347 2645 471 2704 vincula
492 2667 605 2723 prorae
631 2648 785 2719 Solveret,
808 2649 841 2706 iu
857 2649 987 2729 speculis
1001 2650 1099 2706 omnic
1110 2643 1244 2724 Abydm
1255 2649 1349 2706 erati.
1364 2665 1389 2708 e.

229 2750 259 2808 in
275 2747 416 2827 turribus,
444 2749 486 2806 uti
500 2755 621 2827 apparet
634 2751 736 2810 eStat
754 2750 848 2813 Theb.
864 2754 896 2829 6,
911 2747 983 2814 546.
1034 2751 1146 2809 Contra
1159 2759 1261 2806 auton
1265 2749 1390 2827 fnestra

229 2851 310 2908 sedet
330 2852 424 2907 ancxia
444 2859 526 2905 turre
547 2870 688 2927 suprema
714 2852 827 2910 Sestius
850 2855 884 2909 in
907 2851 1046 2928 speculis.
1091 2848 1291 2910 Hincurbium
1302 2851 1390 2908 mmu-

229 2951 304 3012 lacru
318 2953 377 3009 sere
398 2949 499 3008 turrita
516 2949 544 3007 vi
557 2957 675 3024 santur,
698 2958 730 3011 ut
744 2953 877 3012 observat
888 2954 1015 3012 Clericus
1025 2953 1045 3012 l.
1061 2952 1079 3011 l.
1089 2958 1120 3011 et
1132 2951 1213 3010 Cort.
1226 2951 1264 3008 ed
1277 2948 1386 3014 Lucan.

232 3055 267 3130 1,
287 3052 358 3113 188.
400 3051 493 3127 Quid,
517 3053 595 3126 quod
616 3050 749 3112 Lucanus
763 3055 801 3133 9,
823 3052 895 3118 954.
914 3058 951 3115 de
964 3056 1008 3116 lis
1021 3055 1093 3134 ipsis
1107 3053 1239 3111 urbibus:
1282 3051 1389 3110 Threi-

230 3156 352 3232 ciueque
376 3152 449 3231 legit
461 3152 577 3230 fauces
595 3164 624 3210 et
642 3175 744 3213 umore
756 3167 895 3214 notatum
906 3158 1034 3238 Aequor
1057 3168 1086 3213 et
1101 3155 1208 3213 Ιιιιυαε
1223 3151 1389 3232 lacrymoso

201 3252 204 3258 ’
230 3257 316 3314 litore
342 3266 444 3316 turres.
494 3255 677 3334 Quapropter
702 3258 785 3317 valde
818 3259 886 3317 milri
909 3258 1048 3339 probatur
1069 3256 1237 3318 Weicherti
1264 3254 1390 3316 sobrium

231 3360 308 3436 quod
332 3359 368 3416 de
387 3357 443 3415 hoc
468 3355 529 3415 luco
548 3355 617 3415 fucit
633 3358 783 3435 judicium:
806 3361 895 3439 „Sed
917 3361 1051 3439 quicquid
1067 3360 1142 3438 est“,
1160 3358 1253 3435 inquit
1265 3378 1294 3436 p.
1315 3358 1389 3436 380,

230 3463 280 3539 „id
304 3461 372 3519 milri
390 3459 467 3519 omni
490 3465 652 3536 exemptum
668 3461 782 3521 ridetur
803 3463 996 3543 dubitatione,
1029 3463 1102 3542 plur.
1124 3460 1218 3521 Codd
1240 3461 1390 3520 lectionem

230 3575 326 3622 turres
351 3561 432 3620 unice
454 3578 550 3619 veram
570 3565 600 3618 et
622 3562 659 3620 de
681 3563 765 3624 Sesto
794 3571 824 3625 et
845 3566 950 3644 Abydo
967 3565 1082 3625 urbibus
1100 3563 1296 3644 explicandam
1315 3582 1389 3643 esse,

231 3684 301 3741 quus
316 3663 401 3724 urbes
412 3662 498 3722 etium
511 3681 529 3720 a
540 3660 657 3722 Lucano
672 3665 690 3725 Ι.
704 3687 731 3726 e.
747 3665 854 3726 heroas
865 3679 961 3727 tumr
973 3667 1111 3748 appellari
1123 3669 1305 3728 menifestum
1314 3671 1390 3734 est.“

231 3767 326 3837 Quum
339 3767 427 3844 igitur
441 3763 579 3824 alterutra
590 3769 732 3828 sententia
743 3769 840 3830 lectori
858 3771 956 3830 talium
968 3789 1060 3830 rerum
1074 3769 1243 3848 intelligenti
1259 3771 1391 3850 eligenda

230 3870 377 3946 videatur,
403 3867 450 3926 rix
469 3884 573 3946 operae
593 3869 716 3946 pretium
737 3877 799 3950 est,
820 3873 891 3934 alias
907 3874 1108 3952 explicationes
1124 3891 1278 3932 recensere.
1321 3873 1391 3933 Fert

230 3973 326 4028 tamea
346 3969 428 4046 hujus
449 3967 579 4026 editionis
601 3971 691 4050 ratio,
713 3980 746 4033 ut
757 3975 903 4035 hominum
916 3977 946 4034 in
960 3975 1048 4035 literis
1067 3976 1281 4053 conspicuorum
1295 3982 1389 4036 tentu-

230 4071 321 4145 miua,
348 4075 486 4145 quantum
513 4077 612 4150 potest
636 4073 802 4153 fieri„cum
830 4077 982 4139 lectoribus
1008 4077 1251 4138 commuuioemns.
1293 4080 1389 4149 Quare

231 4171 375 4248 cohibete,
395 4172 421 4230 ai
442 4173 491 4249 qni
510 4173 579 4232 estis
591 4193 687 4236 morae
705 4177 903 4258 impatientes,
929 4179 1135 4239 incommodum
1154 4183 1279 4238 veebum
1298 4181 1391 4240 accla-

231 4274 398 4332 mationem
422 4272 521 4350 ,ohe
550 4277 610 4353 jam
643 4281 714 4339 satis
748 4281 835 4341 est“!
882 4280 930 4341 Ne
957 4280 1052 4358 plural
1107 4279 1318 4354 Wakefieldru
1350 4286 1389 4343 ud

231 4375 321 4455 Sopb.
344 4373 447 4436 Tracb.
472 4373 542 4438 274.
566 4380 611 4440 ed.
631 4379 739 4444 Eril.
763 4403 794 4462 p.
807 4384 880 4446 220.
913 4393 1008 4439 mnes
1028 4379 1161 4458 intelligit
1178 4389 1292 4444 montes
1311 4386 1388 4448 laud.

230 4476 311 4556 Virg.
324 4477 378 4544 Ge.
393 4474 425 4556 4,
448 4476 531 4553 125,
552 4478 761 4562 Haberselduu
774 4485 832 4544 alta
843 4486 928 4545 litora
938 4485 968 4544 in
979 4503 1040 4542 rem
1052 4502 1134 4543 suam
1147 4483 1268 4560 edemus
1279 4485 1389 4548 Lucan.

232 4577 263 4656 9,
275 4580 359 4660 955,
378 4581 427 4659 qui
440 4578 517 4640 locus
530 4578 613 4642 aliam
626 4587 712 4648 modo
727 4587 835 4650 invenit
844 4587 1115 4672 interpretationem.
1152 4574 1390 4675 Ρορὶωεωῐὶίιπ
