3450 5334
234 530 275 595 61
339 524 627 591 comesuram
651 528 697 591 ΙΝ
717 526 887 591 nonam
906 526 982 589 LlB.
1000 526 1022 589 l.
1038 524 1162 590 EPIST.
1177 527 1292 593 SEXT.
1335 527 1399 597 826

233 700 431 779 aggrediatur,
448 700 520 758 deas
534 697 623 758 hasce
639 696 745 758 babere
759 699 901 777 propitias
917 718 951 758 ac
968 700 1089 777 proinde
1111 719 1144 761 se
1164 701 1277 763 felicem
1298 706 1402 767 credat

232 810 292 863 etc.
335 800 445 860 Similia
466 804 651 880 conjecerant
673 802 740 879 alii,
777 803 887 877 etita,
915 808 948 861 ut
970 801 1023 860 has
1044 804 1115 862 deas
1143 804 1227 863 facile
1254 804 1397 885 homines,

232 904 338 985 quibus
357 904 506 981 faverent,
532 907 593 965 suis
613 903 781 967 muneribus
807 902 1026 963 benevolentiae
1051 911 1082 964 et
1108 906 1250 967 amicitiae
1277 908 1398 971 aliorum

232 1007 388 1071 tradidisse
411 1009 552 1085 dicerent,
575 1009 614 1068 cs.
634 1006 764 1069 Turneb.
779 1004 855 1067 Adv.
877 1006 909 1083 9,
933 1006 987 1069 80.
1033 1008 1116 1076 Quae
1139 1009 1294 1087 sententia,
1314 1012 1397 1071 dum-

233 1114 321 1173 modo
344 1112 392 1188 iis,
416 1128 492 1191 quos
506 1129 595 1190 supra
607 1112 768 1189 poscumus,
788 1108 925 1169 limitibus
945 1108 1117 1187 mundana,
1140 1112 1224 1171 facile
1246 1131 1398 1175 assensum

231 1214 318 1275 teret.
384 1211 423 1273 at
455 1213 551 1275 invitis
582 1212 638 1272 illis
664 1213 774 1275 deabus
800 1212 934 1273 Botlrius
959 1212 990 1272 in
1019 1214 1065 1273 ed.
1099 1213 1191 1275 Gesn.
1222 1214 1397 1275 Nominibus

231 1316 412 1397 appellativis
433 1322 536 1377 contra
562 1314 708 1378 bominum
731 1318 914 1397 andquorum
935 1315 1099 1393 opinionem
1124 1315 1268 1393 fidemque
1292 1318 1397 1395 positis

232 1421 386 1481 maximam
402 1419 542 1479 nacione
566 1420 623 1479 vim
645 1420 773 1497 infregit.
816 1418 889 1480 Vale
911 1418 1000 1496 igitur
1021 1418 1058 1476 de
1081 1416 1139 1475 dea
1161 1418 1286 1494 Suada,
1322 1437 1397 1497 quae

233 1522 356 1581 Graecis
379 1516 490 1585 noted
510 1528 575 1597 est,
598 1522 660 1581 Cic.
682 1522 766 1582 Brut.
794 1522 846 1598 15,
869 1520 920 1585 59.
966 1518 1086 1589 Quintil.
1111 1520 1183 1581 Inst.
1206 1520 1258 1598 10,
1286 1523 1317 1597 1,
1342 1524 1396 1587 82.

233 1625 326 1685 Gesn.
347 1624 390 1684 ibi
411 1633 443 1686 et
463 1624 502 1682 ad
520 1620 595 1684 Plin.
615 1621 711 1703 Epist.
736 1629 772 1702 1,
799 1627 858 1701 20,
890 1622 940 1687 17.
983 1620 1118 1681 Politian.
1143 1622 1265 1683 Miscell.
1288 1621 1341 1688 91.
1366 1622 1397 1681 in

234 1727 352 1787 Gruter.
375 1724 481 1805 Lamp.
504 1724 568 1785 crit.
589 1724 613 1785 Ι.
635 1745 666 1803 p.
694 1728 766 1791 121.
808 1726 860 1787 rr.
883 1723 1001 1787 Jacobs.
1026 1724 1063 1781 ad
1087 1721 1201 1786 Delect.
1224 1726 1326 1803 Epigr.
1351 1744 1398 1804 gr.

233 1826 268 1905 4,
293 1828 347 1906 29,
367 1829 399 1891 8.
422 1829 454 1905 6,
476 1830 530 1904 28,
553 1831 584 1893 1.
629 1828 765 1891 Creuzer.
786 1830 817 1887 iu
839 1826 958 1887 Wiener
978 1824 1099 1885 Jahrbb.
1122 1823 1216 1891 1884.
1239 1826 1344 1887 LXVI.
1364 1848 1396 1906 p.

232 1927 307 1998 204.
349 1929 463 1991 Boekh.
484 1928 570 2009 Erpl.
587 1931 625 1989 ad
643 1927 728 1991 Pind.
752 1927 836 2008 Pyd.
853 1927 886 2006 9,
909 1926 962 1992 40.
982 1948 1012 2007 p·
1027 1928 1101 1993 822.
1118 1934 1148 1987 et
1166 1948 1240 2007 quac
1259 1932 1297 1990 de
1316 1936 1397 1989 ntra·

231 2052 288 2110 que
308 2036 364 2093 dea
383 2034 504 2111 junctim
526 2032 604 2091 culta
621 2032 769 2109 disputant
783 2030 991 2089 Schneidewin.
1006 2031 1044 2088 ad
1061 2028 1145 2106 bec.
1188 2030 1282 2109 Rheg.
1298 2032 1395 2091 Carm.

232 2135 327 2213 aeliq.
358 2155 387 2213 p.
415 2137 487 2198 111.
517 2140 548 2193 et
577 2132 618 2193 K.
644 2133 691 2193 W.
717 2131 900 2193 Bontervvek.
925 2132 956 2189 in
984 2129 1110 2209 Tiibing.
1134 2130 1272 2193 Konstbl.
1301 2132 1395 2197 1888.

231 2236 273 2298 Ν.
296 2236 349 2300 97.
370 2257 401 2315 p.
422 2238 497 2300 887.
519 2242 550 2295 et
569 2236 612 2295 N.
633 2233 687 2299 98.
709 2256 739 2314 p·
760 2232 835 2297 890.
877 2230 1010 2291 Lambin.
1037 2239 1067 2291 et
1090 2232 1181 2292 Orell.
1207 2234 1294 2294 adh.
1316 2233 1339 2295 l.

320 2339 354 2399 V.
376 2337 430 2402 89.
473 2339 701 2415 Moncipia's-
713 2355 775 2401 rec.
817 2333 904 2411 „Rex
923 2334 998 2411 ipse,
1017 2336 1073 2393 nisi
1093 2341 1139 2393 est
1160 2336 1240 2393 dives
1261 2336 1396 2414 nummis,

232 2441 335 2503 matus
353 2443 412 2502 dici
431 2442 567 2518 nequit.“
608 2438 667 2499 Pro
687 2440 742 2498 hoc
762 2436 861 2513 posuit
885 2434 1092 2514 Cappadocum
1116 2454 1231 2514 regem,
1269 2439 1318 2515 qui
1341 2438 1398 2497 nisi

230 2546 429 2607 venalitiorum
449 2546 544 2622 capita
561 2562 621 2603 non
640 2541 740 2601 nabun
757 2537 917 2616 vectigalia.
962 2534 1117 2597 Praeterea
1131 2537 1224 2597 Poeta
1243 2544 1312 2597 ante
1326 2557 1397 2599 ocu-

230 2649 276 2707 los
303 2647 439 2707 habuisse
466 2648 579 2706 videtur
603 2646 684 2724 ipsos
710 2662 811 2703 servos
839 2639 975 2717 venales,
1018 2642 1067 2719 qui
1090 2660 1106 2701 e
1127 2640 1313 2720 Cappadocia
1333 2638 1397 2699 Ro-

230 2771 307 2812 mam
327 2748 554 2826 abducebantur,
573 2750 631 2808 vid.
650 2747 701 2807 Fr.
722 2745 837 2805 Fabric.
861 2746 900 2802 ad
919 2742 981 2801 Cic.
997 2744 1080 2803 Orat.
1101 2761 1147 2821 pr.
1168 2744 1231 2801 red.
1251 2744 1282 2801 in
1295 2742 1395 2802 Senat.

230 2855 262 2916 6.
284 2854 377 2931 Heyn.
400 2852 511 2931 Opaca.
534 2852 626 2911 Acad.
653 2849 705 2909 ΙΙΙ.
733 2866 764 2923 p·
792 2845 864 2909 138.
908 2844 992 2904 Web.
1018 2848 1055 2904 ad
1082 2844 1147 2903 Juv.
1177 2864 1208 2920 p.
1233 2844 1306 2909 263.
1349 2842 1397 2903 De

230 2954 442 3032 Ariobarzane,
471 2959 627 3017 decessore
652 2953 732 3029 ejus,
762 2948 811 3025 qui
840 2952 903 3005 tum
929 2945 1044 3003 nomine
1066 2941 1222 3004 Archelaus
1244 2941 1335 3023 (Rup.
1357 2944 1396 3003 ad

233 3056 308 3117 Tac.
330 3055 406 3117 Ann.
428 3060 461 3133 2,
482 3054 536 3133 42,
560 3054 605 3135 1.)
625 3054 768 3131 regnavit,
790 3048 891 3109 scribit
915 3047 1018 3105 Cicero
1040 3044 1081 3125 (a.
1103 3066 1133 3104 u.
1149 3042 1228 3125 704)
1249 3047 1287 3103 ad
1307 3042 1394 3105 Attio.

230 3160 271 3237 6,
295 3161 330 3236 1,
350 3156 384 3222 4.
426 3157 562 3218 Nullum
581 3157 756 3224 acutum,
781 3149 905 3210 nullum
927 3146 1060 3225 vectigal
1080 3144 1181 3205 habet.
1226 3144 1322 3205 Nun
1341 3146 1395 3205 ulo

230 3280 323 3340 regno
343 3260 522 3339 opulentius,
549 3258 632 3317 nihil
649 3278 719 3337 rege
739 3255 884 3337 egmnus.
929 3250 1003 3309 Ibid-
1025 3251 1056 3325 6,
1074 3250 1107 3325 8,
1130 3249 1160 3311 6.
1203 3246 1396 3307 Ariobarza-

231 3384 303 3436 nes,
327 3384 380 3421 rec
394 3382 577 3443 perpauper.
620 3362 805 3441 Quapropter
823 3358 855 3416 in
875 3372 972 3414 errore
992 3356 1161 3427 versantur,
1183 3348 1233 3426 qni
1255 3348 1395 3429 (sortasse

228 3473 351 3546 propter
373 3465 469 3525 locmn
488 3463 571 3525 Pers.
596 3466 628 3542 6,
646 3463 715 3542 77.)
736 3462 943 3541 Cappadocum
963 3473 1062 3532 regem
1083 3472 1136 3531 pro
1155 3452 1257 3530 quovis
1277 3453 1393 3511 domiuo

230 3572 439 3650 mancipiorum
459 3567 506 3627 vel
525 3566 678 3643 venalitio,
699 3582 843 3642 mangone
863 3558 988 3634 habeut,
1009 3563 1059 3633 ut,
1081 3561 1201 3633 excepto
1225 3552 1394 3625 aarum,

230 3672 404 3731 Beroaldus
423 3669 558 3749 (Gruter.
577 3667 684 3747 Lamp.
710 3670 774 3726 crit.
795 3665 819 3734 l.
839 3684 870 3744 p.
882 3658 981 3739 200),
1005 3656 1191 3731 Sabellicus,
1212 3656 1394 3726 Asconius,

230 3774 445 3847 Britamu'cus,
462 3770 649 3843 Lambinus,
675 3764 832 3829 umam
849 3762 938 3844 (Λᾶν.
952 3764 1005 3838 22,
1028 3758 1085 3841 8.),
1105 3760 1163 3819 alii.
1205 3760 1310 3837 Neque
1331 3776 1394 3819 me-

230 3876 288 3939 lior
312 3886 359 3937 est
378 3880 523 3940 sententia
543 3894 659 3951 eorum,
687 3872 737 3950 qui
758 3866 951 3928 venalitiarios
971 3865 1031 3923 sere
1052 3878 1154 3941 parum
1178 3861 1317 3939 pecuniae
1341 3856 1393 3917 lra-

230 3980 322 4058 bere,
351 3999 407 4039 nec
427 3983 455 4039 ei
477 3981 527 4058 qui
548 3978 723 4057 pecuniosus
742 3971 813 4032 velit
835 3988 921 4045 esse,
958 3966 1013 4025 hoc
1042 3984 1134 4043 genus
1162 3968 1300 4039 quaestus
1327 3978 1393 4017 esse

230 4085 402 4143 sectandum
421 4080 579 4157 affimant,
601 4079 659 4139 vid,
682 4073 812 4137 Tmeb.
838 4074 891 4149 26,
914 4070 965 4134 16.
1009 4065 1102 4127 Aliam
1123 4063 1342 4141 explicationem
1362 4067 1393 4119 et

229 4202 295 4247 eam
314 4184 471 4244 absurdam
489 4180 624 4243 facillimo
647 4179 766 4257 negotio
786 4177 895 4236 refutat
918 4167 1098 4231 Lambinus.
1142 4165 1188 4227 De
1211 4164 1392 4244 Cappadoci-

228 4286 284 4351 bus
309 4288 382 4369 ipsis
402 4286 493 4347 multa
516 4282 631 4362 cosseffit
652 4278 838 4341 Schmidua.

312 4391 348 4451 v,
377 4386 423 4454 40
447 4420 491 4435 ..
514 4383 567 4449 46,
623 4384 675 4443 Νι
697 4382 801 4463 fucris
819 4414 857 4426 -
874 4374 1016 4458 furibus.
1065 4368 1277 4431 Sententiarum
1306 4368 1391 4429 ordo:

228 4492 440 4575 „Pauperrimo
459 4488 509 4549 isti
522 4488 585 4565 regi
597 4486 698 4547 similis
712 4504 778 4544 csse
791 4482 863 4558 noli,
882 4482 936 4540 sed
957 4476 1037 4537 diviti
1050 4470 1184 4549 Lucullo,
1206 4472 1255 4549 qni
1268 4470 1346 4531 nulla
1359 4488 1392 4531 re

229 4598 458 4676 egmqmas
470 4588 591 4651 haberet
602 4608 687 4668 opes,
705 4589 770 4667 ipsc
792 4586 950 4665 ignorant.
991 4579 1053 4640 Eae
1067 4580 1253 4722 cuppam
1265 4574 1391 4650 divitiae,
