3450 5334
342 479 407 546 144
426 481 706 542 coaumuuauu
726 483 768 538 IN
788 479 953 539 uomuu
967 478 1098 538 EPIST.
1115 479 1281 542 sucum).
1301 479 1378 542 nm.
1396 484 1424 542 1.
1464 481 1507 546 38

340 663 449 712 emtus.
473 654 593 712 Lucret.
611 648 642 727 b,
658 647 752 714 1434.
782 647 825 708 Et
837 645 911 706 belli
922 667 1051 728 nmgrsos
1064 650 1222 706 commovit
1226 646 1378 728 fundetur
1391 662 1502 710 accusa

340 759 423 835 Virg.
448 755 510 814 cir.
530 753 605 818 340.
626 752 768 812 mutatos
788 751 887 808 artirne'
906 749 1091 810 relevaverat
1108 759 1218 808 aestua
1250 748 1437 812 Claudianus
1453 755 1507 816 lv.

340 859 432 918 (lons.
451 859 566 917 Honor.
585 855 661 918 226.
680 857 807 913 necas
822 853 921 912 animi
934 853 1094 932 pacaverit
1111 861 1222 910 emtus.
1245 885 1285 898 ·-
1315 856 1383 929 its,
1408 873 1508 935 quan-

340 957 482 1042 quamde
498 977 561 1018 una
576 977 608 1016 re
624 953 768 1032 durante,
789 955 887 1036 Epist.
904 957 935 1031 2,
951 957 983 1030 2,
997 952 1049 1021 47.
1096 954 1203 1014 caua
1220 953 1293 1012 belli
1310 965 1424 1014 cesum
1461 957 1507 1014 De

339 1063 434 1122 simili
446 1060 617 1141 significatu
629 1059 713 1118 verbi
725 1069 863 1118 metuere
877 1055 943 1116 dixi
957 1054 997 1114 ad
1013 1057 1073 1136 Ep.
1091 1059 1121 1132 1,
1138 1059 1169 1130 1,
1181 1057 1233 1120 99.

423 1162 461 1226 V.
482 1163 514 1225 9.
546 1159 686 1219 Antenor
703 1193 747 1250 -Ι
767 1181 916 1231 caueam,
944 1155 1028 1240 quod
1053 1177 1123 1216 cum
1147 1155 1294 1220 Chabotio
1323 1159 1439 1220 Graece
1465 1162 1509 1222 ita

339 1265 561 1346 interpreteris:
581 1253 733 1343 Ἀντήνωρ
754 1263 870 1345 νομίζει
887 1256 946 1342 τήν
972 1262 1029 1322 τοῦ
1049 1255 1183 1340 πολέμου
1205 1255 1351 1343 ἀφορμὴν
1372 1257 1509 1344 ἐκκοπή-

340 1373 458 1432 σεσθαι.
500 1367 626 1424 Minime
645 1373 747 1423 autem
768 1386 845 1446 opus
872 1375 935 1440 est,
956 1362 1145 1422 infinitivum
1161 1363 1337 1440 praecidere
1355 1385 1409 1445 pro
1427 1366 1507 1424 Par·

338 1469 442 1549 ticipic
463 1469 497 1528 in
518 1468 575 1526 dus
588 1469 736 1560 positum,
755 1470 806 1528 vel
826 1465 909 1551 qnod
926 1466 1089 1527 Ascensius
1112 1466 1370 1547 Doeringiusque,
1390 1467 1426 1529 V·
1447 1468 1505 1543 cl„

338 1572 463 1647 rolant,
489 1571 616 1630 verbum
638 1567 743 1630 detes
762 1567 998 1650 intelligendum
1023 1566 1139 1644 dicere,
1166 1587 1263 1650 quum
1287 1565 1337 1628 hic
1359 1568 1507 1650 loquendi

338 1692 412 1734 usus
432 1671 534 1753 potius
554 1691 573 1731 a
592 1673 715 1732 Graecis
734 1671 916 1753 repetendus
934 1673 990 1746 sit,
1013 1671 1082 1751 qui,
1105 1680 1141 1729 nt
1162 1674 1318 1731 verissime
1336 1672 1508 1732 observavit

338 1774 448 1836 Heind.
478 1773 519 1834 ad
540 1776 618 1836 Plat.
637 1778 760 1854 Protag.
783 1795 815 1855 p.
836 1771 911 1838 346.
936 1771 1093 1853 (laudatus
1115 1792 1135 1832 a
1152 1773 1331 1834 Stallbamn.
1359 1773 1400 1834 ad
1422 1777 1504 1834 Plat.

337 1875 455 1938 Phaed.
473 1899 504 1959 p.
522 1874 609 1955 143.)
634 1878 733 1937 verbis
750 1873 914 1960 ἡγεῖσθαι,
936 1874 1074 1952 οἴεσθαι,
1097 1875 1199 1940 δοκεῖν
1216 1877 1342 1958 aliisque
1356 1875 1389 1934 id
1407 1897 1507 1957 genus

337 1981 509 2056 notionem,
530 1998 609 2061 quae
632 2001 649 2040 e
669 1989 773 2040 nostra
793 1976 920 2061 quidem
938 1976 1091 2058 cogitandi
1108 1980 1224 2038 ratione
1245 1988 1307 2038 est:
1328 1999 1461 2058 aequum
1478 2001 1505 2042 s.

338 2102 415 2162 opus
431 2081 574 2156 judicare
582 2125 596 2154 ,
621 2082 796 2163 subjiciunt.
838 2082 891 2141 Sic
908 2081 975 2140 liv.
994 2079 1048 2156 24,
1067 2083 1120 2158 22,
1136 2082 1168 2148 3·
1214 2081 1251 2139 St
1269 2079 1394 2144 tructam
1410 2082 1508 2142 alieni

338 2188 424 2265 regni
443 2206 533 2243 suum
551 2203 680 2265 regnum
700 2183 774 2244 velt‘t
784 2183 915 2264 fircera,
933 2183 1060 2244 eundem
1079 2203 1112 2242 se
1130 2203 1266 2255 censere,
1288 2183 1384 2242 multo
1404 2188 1508 2245 acrites

338 2288 379 2349 ab
401 2288 627 2348 Audruuodoro
636 2330 649 2360 ,
669 2307 764 2366 prtum
785 2285 823 2344 ob
841 2287 1028 2367 Hieronymo
1052 2287 1146 2364 repeti
1167 2283 1356 2360 libertatem
1377 2285 1442 2348 rid.
1463 2289 1507 2348 ibi

337 2394 465 2472 liupert.
484 2394 577 2451 Plura
589 2387 679 2468 hujus
696 2390 742 2447 rei
756 2390 898 2470 exempla
912 2389 1000 2450 affert
1016 2385 1169 2448 Drakenb.
1184 2386 1224 2446 ad
1236 2389 1303 2446 iris.
1322 2389 1354 2465 2,
1370 2391 1402 2465 5,
1420 2391 1449 2454 1.
1463 2423 1504 2456 ,-

338 2496 385 2554 Ita
407 2493 614 2571 Auctoriipit.
634 2490 721 2550 Iliad.
742 2494 834 2550 Hom.
854 2495 892 2552 V.
910 2493 964 2556 23.
978 2491 1122 2571 reddique
1138 2491 1225 2569 patri
1247 2489 1412 2570 Gluyeerdu
1435 2513 1506 2552 ceu·

338 2605 417 2654 sent.
458 2595 529 2654 Vim
545 2595 629 2652 vocis
644 2590 819 2671 praecidere
838 2593 991 2673 intelliges
1011 2613 1053 2653 ex
1069 2593 1199 2674 eleganti
1214 2595 1282 2653 loco
1296 2592 1378 2674 apud
1391 2595 1453 2660 Cic.
1468 2593 1506 2656 ds

338 2696 398 2758 Off.
417 2699 447 2772 1,
463 2695 515 2772 33,
534 2696 617 2771 120,
636 2695 689 2754 ubi
705 2695 871 2773 amicitiae,
893 2716 972 2775 quoe
993 2699 1103 2757 sanein
1123 2695 1322 2768 άὶεειιιιηιω,
1344 2717 1507 2777 opponun-

337 2811 388 2860 tur
401 2800 455 2876 iis,
478 2818 557 2878 quoe
574 2808 692 2876 repomte
707 2799 938 2875 praeciduntur.
963 2799 1137 2859 Schmidisu
1153 2799 1319 2876 imaginem
1331 2799 1369 2856 ab
1387 2803 1505 2860 ancoris

337 2897 548 2982 praecidendis
570 2898 760 2980 desumptam
781 2913 863 2961 recte
887 2904 1040 2982 opinatur,
1062 2901 1095 2960 iu
1118 2920 1186 2959 eam
1208 2905 1278 2959 rcm'
1293 2900 1422 2963 laudans
1440 2903 1505 2964 cic.

337 3007 421 3067 Verr-
438 3004 468 3080 5,
484 3001 538 3080 34,
551 3002 603 3068 83.
644 3002 696 3064 Ad
708 3023 773 3062 rem
784 3003 848 3064 vid.
866 3007 955 3064 Hom.
970 3001 1058 3062 Iliad.
1074 3004 1105 3078 7,
1121 3001 1184 3067 347
1199 3023 1240 3064 ss.

422 3105 528 3168 v.10.
545 3106 595 3168 11.
624 3105 709 3184 Quid
728 3106 845 3166 Paria?
859 3140 904 3152 --
924 3107 998 3166 litis.
1042 3108 1170 3167 Versum
1188 3103 1270 3164 hunc
1296 3126 1352 3187 per
1377 3125 1412 3164 se
1431 3109 1506 3166 satis

338 3211 466 3289 planum
485 3208 600 3266 mirum
617 3209 651 3266 in
668 3205 796 3269 modum
815 3211 993 3290 interpretes
1009 3208 1306 3288 interpretationibus
1327 3210 1421 3268 variis
1435 3220 1507 3269 teu-

337 3319 457 3386 tarunt3
479 3328 573 3391 quas,
598 3313 655 3370 etsi
678 3310 917 3393 haudquaquam
941 3313 1089 3371 absurdae
1113 3320 1201 3388 suut,
1224 3329 1379 3370 recensere
1400 3321 1432 3372 et
1456 3333 1506 3370 re·

338 3416 439 3474 futare
462 3414 592 3492 longum
612 3425 668 3476 est.
711 3413 780 3476 vid.
802 3415 911 3474 bamb.
932 3425 963 3474 et
981 3415 1055 3474 Dec.
1099 3414 1158 3486 oui
1180 3413 1262 3472 sohte
1289 3424 1428 3490 servant,
1456 3415 1507 3474 vel

337 3535 463 3578 sensum
483 3513 637 3597 quendam
655 3519 837 3577 amatorium
856 3519 880 3578 i.
899 3539 927 3577 e.
951 3520 1018 3578 siue
1031 3517 1173 3589 Helena,
1202 3517 1365 3596 significari
1387 3519 1505 3592 volunt,

338 3617 393 3701 (de
411 3637 473 3700 qua
495 3620 637 3678 vocabuli
658 3621 829 3701 significatu
852 3619 933 3680 dixit
954 3623 1148 3680 Burmannus
1167 3617 1207 3680 ad
1228 3623 1319 3701 Prop.
1334 3621 1365 3694 2.
1380 3619 1441 3696 7‚1.
1489 3621 1505 3700 )

337 3723 390 3784 vel
406 3719 549 3782 Paridem
566 3722 717 3784 indicasse
740 3725 918 3804 opinantem,
940 3723 967 3784 si
983 3723 1034 3783 vel
1051 3722 1111 3782 sibi
1126 3723 1185 3782 soli
1201 3742 1329 3802 regnum
1340 3724 1430 3782 Asiae
1448 3720 1506 3782 de-

337 3825 481 3901 ferretur,
501 3844 541 3883 ne
560 3827 616 3884 tali
632 3826 757 3908 quidem
771 3826 943 3888 conditione
956 3825 1106 3885 Helenam
1121 3845 1187 3886 esse
1205 3823 1413 3890 amissurum.
1455 3827 1508 3886 Ex

337 3936 439 3987 mente
462 3938 566 3988 autem
583 3931 737 3990 Torrentii
756 3950 883 4010 regnare
902 3927 954 3988 bic
976 3947 1041 3989 nou
1062 3939 1128 3987 tam
1147 3927 1296 4005 imperare
1318 3937 1381 4003 est,
1414 3947 1509 4009 quam

331 4029 468 4110 filiciter
478 4051 587 4111 agere,
608 4034 802 4110 ut1,10,8.
844 4033 887 4090 At
906 4029 1138 4111 supersedemus
1152 4031 1219 4090 istis
1243 4029 1509 4110 explicationibus.

339 4131 501 4211 vulgatam
526 4131 770 4198 distinctionem:
807 4133 892 4212 Quid
907 4131 1023 4192 Parui
1049 4133 1173 4192 sustulit
1196 4133 1370 4212 Bentlejus,
1391 4143 1509 4194 mutato

340 4235 417 4315 quid
433 4238 468 4297 in
485 4235 586 4317 quod,
606 4250 641 4299 ut
653 4257 778 4300 sensum
794 4235 991 4296 constitueret
1007 4231 1107 4294 huno:
1127 4233 1253 4312 „Quod
1271 4239 1324 4308 (ut
1346 4234 1420 4296 belli
1438 4235 1505 4294 scit.

339 4357 465 4398 eausam
472 4342 635 4419 praecidat
649 4355 679 4402 et
692 4344 842 4404 Helenam
858 4339 923 4400 suis
940 4336 1071 4416 reddat),
1095 4349 1187 4418 negat
1200 4357 1231 4396 ce
1241 4357 1333 4416 posce
1346 4339 1411 4397 ulla
1425 4357 1511 4397 mer-

341 4436 414 4498 cede
429 4443 498 4519 cogi
509 4453 562 4501 aut
573 4442 695 4522 induci,
710 4445 803 4504 etiam
813 4452 849 4502 ut
860 4439 967 4500 sulvus
981 4451 1084 4521 regnet
1098 4443 1240 4521 vivatque
1255 4439 1379 4504 beaute:
1395 4441 1511 4522 quippe

337 4542 407 4622 ipsa
428 4543 490 4601 sita
509 4553 540 4600 et
558 4547 656 4604 salute
682 4549 830 4607 cariorem
850 4544 935 4604 ducit
953 4545 1135 4604 Helenam.“
1177 4546 1360 4625 Quanquam
1377 4545 1510 4624 lientleji
