3450 5334
332 499 396 565 212
431 500 719 563 comburam
739 500 783 563 IN
803 498 1107 565 nonnullum.
1135 500 1262 565 uelsr.
1278 502 1402 571 TEBT.
1458 508 1498 572 22

332 688 404 748 illud
418 688 593 749 Scholiastue
611 688 720 765 Cruq.:
742 701 870 760 „nunu
889 692 1000 762 etium,
1020 710 1058 748 ne
1075 687 1168 747 libros
1184 689 1351 769 Sibyllinos
1372 690 1499 771 ὤραν(

333 789 482 851 Refirtavit
495 792 662 849 Massonua
687 790 707 848 l.
726 790 746 849 l.
776 811 805 870 p.
825 792 1017 856 287-289.
1060 791 1108 852 De
1128 790 1304 852 bibliotheca
1329 794 1394 873 ipsu
1417 793 1501 871 planu

333 892 457 953 efferunt
476 892 650 951 Saunium
671 892 710 951 ad
729 892 761 956 b.
783 892 823 971 l.‚
846 892 977 951 Eburum
995 895 1026 953 in
1049 892 1171 973 Allgem.
1191 893 1349 974 Encyelop.
1369 894 1442 955 Hal.
1462 896 1500 957 K

335 1014 366 1073 p·
387 993 460 1072 bb,
495 994 677 1053 Hubmann.
704 994 734 1052 in
756 994 880 1054 Seebod.
913 993 1089 1073 „elrebiv.“
1118 992 1213 1059 1884.
1242 993 1297 1053 lll.
1323 998 1353 1057 1.
1380 1015 1410 1075 p.
1427 997 1500 1058 119.

337 1092 409 1161 124.
423 1130 467 1141 -
487 1095 689 1160 V.18-20.
727 1096 798 1168 Ne,
817 1098 902 1155 si-
914 1095 1072 1157 coloribus.
1107 1095 1154 1156 De
1174 1096 1229 1156 buc
1246 1097 1345 1157 sabula
1365 1096 1503 1179 Aesopia,

337 1215 410 1275 qua,
437 1200 504 1275 quia
528 1198 583 1257 fuit
603 1198 766 1277 notissime,
793 1200 834 1259 rei
854 1198 994 1260 acerbitas
1017 1216 1092 1276 quae
1108 1198 1224 1258 videtur
1242 1200 1347 1259 lenitur
1370 1202 1503 1278 maxime,

335 1302 472 1381 imprimis
491 1301 622 1359 diaeum
643 1299 824 1359 Sobwuha'us
847 1302 885 1359 ad
897 1298 1022 1361 Phaedr.
1044 1302 1079 1378 1,
1100 1300 1132 1363 3.
1153 1307 1183 1360 et
1203 1301 1363 1381 mgnum
1382 1324 1413 1381 p.
1427 1298 1501 1365 204.

336 1404 384 1461 ed.
413 1403 511 1463 liurru.
548 1401 605 1462 Pro
629 1404 738 1462 ooruice
758 1403 797 1463 ibi
818 1410 865 1463 est
886 1404 1025 1482 gracidus.
1058 1400 1105 1461 De
1125 1406 1338 1481 comparatione
1356 1402 1504 1479 cumipse

336 1506 479 1565 sententia
503 1505 652 1565 commixta
668 1506 725 1567 vid.
740 1511 840 1566 annot.
861 1506 900 1565 ad
921 1508 960 1585 1,
977 1508 1012 1585 1,
1025 1507 1054 1570 2.
1069 1536 1114 1549 —
1133 1504 1170 1565 V.
1190 1505 1241 1569 20.
1274 1506 1411 1562 Muris
1426 1504 1501 1565 mad.

337 1604 393 1663 ool.
430 1605 527 1666 Schol.
550 1608 659 1683 Cruq.:
683 1606 800 1685 plumis
824 1609 979 1666 vartbrum
1003 1606 1146 1665 courum.
1193 1605 1328 1665 Furtivae
1352 1611 1450 1665 autem
1469 1611 1505 1663 ut

338 1704 432 1764 Plane
449 1704 537 1770 Poen.
561 1704 598 1787 4,
623 1710 661 1786 2,
685 1710 737 1771 77.
770 1708 814 1766 Et
835 1708 888 1767 ille
905 1712 961 1789 qui
977 1730 1028 1767 aaa
1041 1706 1209 1779 vendebat,
1233 1707 1310 1766 dixu
1322 1708 1505 1787 aesurtivas

337 1807 472 1868 vendere.
499 1810 601 1887 Symp.
618 1808 748 1887 Aenigm.
763 1811 821 1888 25,
837 1814 867 1875 2.
880 1810 1003 1890 furtiva
1018 1813 1087 1870 vivo
1104 1812 1237 1889 augiam,
1252 1810 1302 1869 ubi
1318 1810 1396 1871 buno
1411 1811 1507 1869 locum

338 1912 514 1987 comparavit
537 1911 774 1987 Wrnsdorfiue.
818 1914 997 1974 Sententiam
1011 1916 1106 1994 ipsam
1122 1912 1176 1971 bac
1190 1911 1290 1971 fabula
1305 1910 1506 1971 adumbratam

339 2012 446 2088 optime
466 2012 619 2074 illustravit
645 2013 795 2087 Orelliua,
822 2037 907 2094 quem
924 2019 1000 2081 vide.
1035 2014 1080 2074 De
1099 2034 1153 2074 usu
1172 2012 1333 2073 tabidarum
1353 2033 1401 2092 ap.
1424 2014 1501 2073 Hor.

339 2115 415 2173 cous.
435 2134 519 2193 quem
545 2116 722 2177 laudavimus
740 2120 778 2177 ad
800 2120 839 2197 1,
861 2121 898 2199 1,
914 2120 968 2182 75.
1002 2120 1070 2178 ear.
1092 2118 1218 2175 Pussov.
1247 2114 1288 2174 Ν.
1303 2115 1376 2181 288.

425 2318 462 2378 V·
483 2319 598 2383 2021.
621 2320 691 2398 Ipse
713 2322 791 2400 qzu'd
806 2354 843 2367 —
861 2323 989 2401 thyma?
1019 2321 1208 2381 Percontatur
1221 2317 1338 2377 Florum
1356 2319 1393 2377 de
1413 2320 1505 2401 ipsius

341 2420 444 2481 studiis
463 2421 597 2501 poeticis5
622 2440 679 2497 qua
700 2424 812 2499 quidem
833 2426 863 2483 in
885 2444 917 2483 re
939 2425 1025 2485 illud:
1047 2422 1125 2504 quid
1140 2419 1260 2479 mdes?
1279 2418 1366 2478 babet
1378 2421 1506 2497 aliquam

341 2524 460 2583 fiduciae
485 2524 513 2580 iu
539 2522 627 2582 amieo
650 2526 688 2583 ob
709 2526 881 2605 praeclaram
901 2530 962 2607 eius
984 2525 1111 2587 indolem
1130 2524 1242 2603 positae
1259 2520 1415 2583 notionem.
1447 2521 1506 2581 Alii

340 2625 436 2688 nescio
460 2624 529 2702 quid
551 2623 744 2702 ambiguitatis
768 2630 813 2689 bio
829 2630 966 2689 sentiunt.
997 2630 1133 2688 Cetenum
1146 2640 1329 2698 eorumquae
1345 2633 1507 2702 sequuntur

343 2728 466 2807 repetita
493 2732 539 2785 est
569 2726 724 2790 similitudo
751 2731 787 2792 ab
815 2732 917 2812 apibus
941 2733 1077 2813 thymum
1098 2736 1132 2789 ut
1149 2725 1342 2805 gratimimum
1366 2728 1507 2805 pabulum

344 2832 449 2908 ubique
462 2828 681 2910 quaerentibus,
703 2836 733 2892 in
753 2854 838 2911 quam
853 2853 914 2894 rem
927 2834 984 2899 vid.
1001 2835 1085 2895 Voss.
1104 2833 1143 2892 ad
1159 2830 1239 2906 Virg.
1258 2826 1313 2889 Ge.
1331 2825 1370 2908 4,
1385 2830 1459 2893 112.
1474 2837 1507 2891 et

343 2933 460 3012 Forbig.
488 2933 527 2991 ad
548 2930 609 2992 Eel.
636 2934 674 3012 5,
696 2939 768 3009 77.;
793 2938 858 2996 binc
883 2936 977 3016 agdus
994 2944 1028 2997 ut
1046 2938 1116 3014 apis
1134 2936 1243 2994 aeduus
1260 2932 1347 2993 Ouid.
1360 2929 1436 2989 utet.
1453 2931 1507 3009 13,

344 3036 407 3099 928
426 3042 456 3095 et
474 3034 548 3093 leva
564 3032 633 3095 Tib.
649 3038 688 3115 2,
708 3039 744 3117 1,
759 3035 812 3099 49.
829 3039 900 3116 ibiq.
917 3036 1032 3102 Disaeu.
1064 3040 1222 3098 veterrima
1237 3044 1334 3098 autem
1346 3040 1393 3093 est
1404 3039 1507 3113 poetas

345 3137 448 3217 apibus
464 3140 647 3215 comparandi
669 3142 752 3205 ratio.
791 3140 863 3200 Vide
882 3159 954 3217 quos
973 3141 1052 3201 locos
1073 3142 1249 3220 collegerunt
1269 3136 1446 3198 Solmuim
1468 3137 1507 3195 ed

344 3240 374 3301 lr.
393 3239 432 3318 l.‚
455 3238 626 3297 Mueoherl.
645 3246 676 3299 et
696 3242 828 3301 Orellius
845 3245 883 3303 ad
895 3243 952 3307 Od.
972 3239 1011 3322 4,
1027 3246 1065 3321 2,
1084 3246 1154 3323 21.,
1176 3242 1226 3301 ubi
1242 3241 1317 3300 Hor.
1333 3239 1371 3298 de
1384 3240 1506 3319 seipso:

346 3344 415 3423 Ego
429 3342 498 3421 apia
512 3342 653 3400 Mutinae
667 3341 753 3402 More
774 3345 922 3425 modoque
941 3346 1040 3404 Grata
1055 3347 1206 3424 earpeutu
1223 3342 1329 3421 thymo
1344 3362 1404 3419 per
1419 3340 1507 3399 [αὐο-

347 3466 410 3505 rem
422 3444 593 3504 Plurimum
607 3476 651 3489 —-
663 3464 786 3522 operosa
803 3468 923 3526 parvus
941 3448 1086 3507 Oarmim
1100 3448 1193 3527 fingo
1200 3468 1214 3518 ‚·
1236 3462 1321 3525 quem
1333 3444 1426 3503 locum
1438 3461 1507 3503 oon-

347 3556 394 3611 tra
413 3550 554 3607 Hanovu·
570 3547 776 3607 incommodam
798 3549 1060 3628 interpretationem
1081 3558 1159 3610 reete
1178 3548 1315 3608 enodavit
1339 3545 1506 3605 Puldouuu

347 3653 376 3712 in
396 3650 559 3711 Zimmerm.
582 3648 723 3709 Zeitscbr.
745 3650 767 3708 1.
788 3652 817 3709 d.
837 3648 1029 3713 Altertbmsu.
1051 3652 1134 3717 1839
1157 3674 1188 3732 p.
1210 3646 1291 3721 9433
1320 3664 1412 3722 neque
1431 3646 1507 3705 male

348 3757 466 3814 Rotter.
485 3772 609 3832 operosa
632 3752 730 3812 retulit
754 3753 791 3811 ad
814 3756 960 3815 metricam
978 3758 1100 3834 ideoque
1119 3756 1158 3816 ad
1179 3760 1324 3813 externam
1344 3754 1508 3828 poematum

349 3858 498 3918 rationem.
534 3852 579 3914 Ex
599 3854 653 3914 boo
671 3856 734 3934 ipso
748 3862 843 3916 autem
865 3857 928 3916 loco
940 3859 1022 3918 facile
1035 3859 1173 3934 efficitur,
1193 3853 1310 3913 Florum
1321 3851 1429 3911 leviora
1443 3857 1509 3910 tan-

349 3966 411 4019 tum
434 3958 530 4039 poesis
547 3957 651 4035 lyricae
665 3974 771 4037 genera
786 3966 914 4019 secutum
932 3978 1012 4036 ease,
1033 3962 1111 4039 quod
1123 3965 1154 4019 et
1168 3956 1277 4017 iudicat
1290 3952 1425 4011 malus
1439 3974 1510 4011 our-

351 4082 420 4120 meu
426 4084 440 4134 ‚·
459 4067 583 4121 ceterum
598 4060 715 4119 hicnon
731 4066 789 4119 tarn
802 4062 839 4120 de
851 4062 1025 4142 imitatione,
1048 4082 1106 4140 qua
1126 4060 1206 4121 illum
1225 4062 1325 4120 dextre
1347 4076 1432 4115 usum
1446 4074 1510 4115 ease

350 4164 463 4241 conjicit
485 4165 676 4233 Torrentius,
689 4164 741 4221 sed
753 4164 790 4221 de
805 4164 924 4224 materia
934 4164 1014 4243 ipsa,
1037 4166 1138 4241 inqua
1157 4170 1286 4223 versatus
1301 4162 1358 4237 tit,
1380 4159 1428 4237 agi
1440 4158 1511 4217 satis

237 4252 244 4266 ⁹
351 4272 480 4342 apparet.
525 4267 612 4338 Quod
631 4266 704 4330 Hor.
726 4264 824 4325 ultimo
846 4266 909 4327 loco
927 4268 1024 4345 posuit
1043 4267 1139 4326 studia
1159 4266 1272 4347 poetica
1286 4284 1315 4328 v.
1329 4258 1388 4338 24,
1407 4261 1438 4319 iu
1453 4278 1512 4337 qua

352 4384 384 4425 re
405 4367 613 4447 Haberseldiu
644 4369 789 4445 quoddam
814 4370 886 4429 vidit
911 4370 1061 4445 indicium,
1092 4386 1178 4446 quam
1201 4368 1283 4446 parui
1304 4364 1353 4423 illu
1374 4365 1406 4421 iu
1423 4362 1510 4421 Floro

353 4466 491 4527 Horatius
511 4470 661 4547 babuerit,
680 4471 747 4529 iude
770 4472 876 4531 lautum
896 4471 1025 4547 videtur,
1048 4478 1082 4529 ut
1101 4488 1135 4529 ea
1155 4476 1293 4549 tunquam
1316 4484 1389 4545 opus
1409 4481 1513 4522 soeun·

354 4568 483 4644 dalium,
511 4572 554 4629 cui
576 4570 678 4631 Flonn
703 4574 878 4650 aliquamdiu
903 4573 1012 4634 omissis
1040 4573 1228 4633 severioribus
1259 4564 1440 4647 eloquentiae
1469 4564 1515 4625 1ο·
