3450 5334
247 545 310 611 109
354 541 639 605 communion
659 543 704 605 IN
724 542 894 607 nomn
914 540 989 606 Lm.
1004 543 1028 605 1.
1042 540 1168 607 urls'r.
1182 542 1295 605 SEPT.
1336 538 1401 606 681

246 734 303 793 hoo
323 750 495 812 responsum
515 749 533 790 a
553 730 641 791 liena
657 730 721 808 ipso
741 729 843 789 tuisse
864 730 1037 808 conjiceret,
1071 749 1132 789 rein
1149 730 1253 793 bouum
1274 730 1401 791 subtilis·

247 838 319 895 sima
343 853 396 894 eus
418 834 583 912 conjectura
604 833 706 892 fecerit
725 836 900 909 suspectam.
924 864 962 877 ·-
986 852 1048 891 non
1067 832 1168 910 lom,
1202 854 1257 913 per
1278 834 1404 915 μείωσιν

247 946 280 997 ut
296 938 335 1013 3,
353 938 404 1001 21.
425 936 615 1007 dexterrime3
636 934 758 994 Gneo:
780 926 818 996 oo'
840 932 963 1006 mter·
1006 935 1056 995 sie
1077 934 1182 995 Iasone
1205 934 1241 996 A.
1260 933 1294 995 Ρ.
1316 938 1404 1012 301,

247 1038 333 1097 laevo
350 1048 480 1116 tempore
498 1038 561 1096 sit.
585 1040 623 1114 2,
645 1036 683 1115 4,
704 1031 735 1097 4.
780 1033 865 1094 Cous.
888 1033 1008 1115 Forbig.
1027 1040 1065 1097 od
1083 1038 1163 1116 Virg.
1205 1038 1268 1099 Ecl.
1293 1040 1403 1116 1,16.

246 1144 321 1200 Aen.
345 1144 376 1217 2,
399 1137 452 1202 64.
494 1138 601 1199 Houth.
623 1140 662 1199 od
682 1138 763 1197 Pers.
784 1140 816 1212 2,
837 1134 890 1199 64.
933 1138 1048 1199 Novum
1068 1142 1184 1218 quidem
1202 1138 1330 1217 verbim,
1350 1140 1404 1199 sed

247 1262 308 1301 non
326 1242 484 1300 mirendmn
504 1259 599 1318 neque
618 1241 783 1301 mutandum
802 1240 833 1297 iu
852 1238 992 1319 Horatio,
1025 1242 1121 1320 quiet
1140 1243 1211 1301 alias
1231 1261 1306 1301 nove
1326 1242 1404 1301 dieto

247 1344 352 1422 habet,
373 1350 406 1401 ut
427 1341 626 1401 insolubiliter
648 1339 699 1420 14,
719 1343 767 1418 8.,
788 1341 964 1419 opulentare
981 1345 1034 1422 16,
1056 1348 1107 1423 2.,
1128 1346 1294 1424 imogitare
1313 1346 1352 1421 2,
1373 1345 1404 1417 1,

250 1449 341 1523 122,
363 1444 519 1523 vepallida
539 1445 603 1503 Set.
625 1447 657 1519 1,
678 1447 709 1520 2,
732 1444 820 1521 129,
832 1444 929 1523 fhreit
952 1448 983 1523 1,
1000 1447 1032 1522 6,
1056 1444 1128 1524 49.,
1149 1448 1269 1525 irrupta
1291 1446 1349 1506 Od.
1374 1449 1403 1519 1,

251 1550 303 1625 13,
325 1550 397 1623 18.,
419 1547 541 1627 sortiere
563 1550 594 1625 1,
614 1546 667 1622 26,
690 1543 762 1621 tt,
782 1545 1026 1620 iltooonabilis,
1047 1551 1210 1629 enovigmre
1230 1553 1269 1625 2,
1291 1545 1349 1624 14,
1371 1548 1404 1610 6.

251 1655 323 1729 11.,
349 1651 548 1708 intaminatus
569 1651 602 1726 3,
620 1653 651 1726 2,
675 1651 744 1726 18.,
762 1649 908 1709 redonare
927 1650 960 1727 3,
981 1651 1013 1727 3,
1034 1651 1106 1728 33,
1123 1653 1279 1711 immorata
1296 1650 1328 1727 3,
1351 1648 1404 1727 24,

250 1757 303 1819 12.
310 1794 322 1829 ,
342 1751 500 1810 obormoro
506 1794 518 1823 ,
539 1754 669 1810 motae
689 1749 721 1827 4,
738 1752 770 1828 4,
793 1755 844 1817 21.
867 1748 920 1817 24.
963 1750 1028 1811 Alis
1043 1752 1222 1831 collegenmt
1242 1754 1283 1813 P.
1306 1753 1401 1811 Horo.

248 1858 279 1915 in
300 1855 403 1932 Progr.
427 1852 531 1913 colon.
555 1856 650 1919 1827.
675 1853 832 1931 inscripto:
859 1852 962 1929 „Loci
982 1854 1092 1933 aliquot
1110 1854 1224 1915 Horatii
1244 1853 1404 1913 iilusmti“

247 1974 279 2033 p.
301 1953 332 2015 9.
352 1964 382 2016 et
403 1954 630 2034 Dillenburger.
650 1956 680 2014 in
697 1954 842 2034 ,‚Qnoest.
861 1954 991 2017 Horat.“
1010 1958 1129 2019 Bonnae
1152 1952 1245 2021 1841·
1263 1977 1294 2035 p.
1315 1958 1345 2019 6.
1360 1988 1404 2003 -·

249 2057 284 2115 V.
302 2054 354 2119 64.
406 2057 657 2136 &jussorum
672 2075 744 2132 non,
761 2063 793 2116 ut
809 2054 1015 2137 Haberfeldus
1030 2060 1246 2138 iuterpretatur,
1265 2077 1322 2135 quo
1340 2056 1405 2114 iooo
1493 2080 1496 2089 ⁴

248 2165 345 2233 notus,
368 2159 422 2217 sed
442 2164 537 2217 utrum
557 2160 638 2217 dives
658 2178 696 2217 an
715 2177 825 2237 pauper
843 2161 882 2218 sit
903 2180 937 2221 ex
957 2161 1117 2238 notissima,
1139 2178 1300 2240 quanquam
1321 2163 1351 2217 et
1373 2156 1405 2233 6,

250 2263 302 2324 12.
320 2258 465 2336 neglecte,
486 2260 702 2337 significatione.
725 2294 764 2313 -ι-
789 2282 849 2340 quo
870 2265 909 2321 eit
926 2272 1023 2340 patre.
1065 2262 1110 2323 Ex
1124 2262 1179 2322 hoo
1198 2265 1262 2341 ipsu
1281 2263 1405 2321 interro-

249 2362 366 2442 gatione
385 2367 515 2439 apparet,
533 2361 683 2421 Horatium
696 2362 813 2421 Menam
832 2384 886 2443 pro
908 2364 1013 2425 liberto
1026 2384 1084 2425 non
1097 2364 1241 2427 habuisse.
1258 2398 1296 2409 -
1312 2381 1407 2441 quove

244 2475 387 2543 patrono.
433 2465 490 2534 Qui
510 2464 594 2523 aliter
613 2463 730 2542 legunt,
753 2485 804 2524 eos
825 2468 901 2545 fugit
922 2468 1081 2528 sententiae
1102 2466 1164 2543 vis,
1183 2485 1241 2545 que
1263 2466 1407 2543 quaeritur

249 2570 287 2628 de
317 2573 460 2646 patrono,
495 2568 520 2625 si
544 2567 623 2625 sorte
645 2586 704 2627 nou
724 2567 831 2627 habeut
849 2574 972 2648 patrem.
1015 2568 1157 2629 Libertini
1178 2568 1253 2629 enim
1276 2572 1308 2627 et
1331 2566 1408 2626 servi

249 2680 341 2747 patre
359 2668 445 2727 nrdlo
464 2671 532 2727 nati
551 2669 735 2747 dicebantur,
765 2678 942 2751 quapropter
963 2672 1048 2731 etiem
1074 2672 1103 2730 in
1131 2690 1213 2749 seqq.
1235 2668 1321 2729 Meno
1349 2687 1407 2727 non

251 2772 412 2851 respondet
435 2770 598 2849 quaestioni
622 2792 682 2849 quo
704 2782 806 2847 patre.
858 2773 933 2833 Item
960 2772 1075 2833 uberius
1100 2776 1207 2831 tractu
1233 2769 1408 2831 Schmide'uo

249 2882 282 2934 et
306 2874 353 2933 iiie
372 2879 403 2931 et
429 2873 459 2930 in
487 2870 620 2949 Epistola
636 2892 668 2950 p.
693 2872 743 2934 18.
785 2873 832 2933 De
861 2875 1028 2951 quaestione
1048 2876 1116 2954 quis
1144 2878 1174 2933 et
1200 2872 1281 2932 unde
1307 2872 1408 2943 dorso,

249 2978 270 3035 i.
291 2996 318 3035 e.
342 2974 436 3053 patrio
454 2992 481 3033 v.
504 2974 556 3035 63.
573 2975 639 3033 vide
659 2975 781 3033 eundem
801 2982 832 3037 et
846 2975 955 3035 Victor.
978 2994 1025 3055 ap.
1046 2976 1176 3038 Hoched
1195 2983 1225 3035 et
1240 2974 1356 3037 Ruhnk.
1371 2977 1409 3035 ad

250 3076 337 3137 Ovio
357 3076 428 3135 Her.
446 3076 486 3149 2,
517 3074 591 3138 106.
619 3108 658 3121 -
685 3075 720 3133 V.
743 3074 795 3139 66.
831 3078 875 3153 it,
903 3076 992 3135 redu.
1034 3078 1084 3137 Sic
1105 3098 1141 3138 ex
1161 3082 1267 3138 usitate
1287 3078 1410 3138 fomute

251 3182 460 3257 componuntnr
472 3178 555 3255 itque
568 3178 704 3255 reditque
718 3177 798 3256 Virg.
814 3177 888 3239 Aen.
907 3182 939 3257 6,
959 3181 1030 3245 122.
1074 3180 1161 3241 Ovid.
1175 3180 1246 3243 Her.
1255 3181 1306 3257 16,
1324 3183 1408 3258 118,

250 3282 300 3341 ubi
319 3281 403 3360 plura
421 3278 539 3356 collegit
556 3277 758 3338 mnemon
766 3321 780 3351 ‚
801 3282 877 3341 conf.
895 3281 997 3342 Heius.
1015 3282 1052 3341 ad
1071 3282 1156 3343 ovid.
1175 3281 1258 3341 Fest.
1282 3286 1313 3361 1,
1335 3285 1408 3347 126.

250 3385 348 3443 Burin.
363 3384 401 3443 od
421 3381 509 3441 Anu.
525 3382 575 3441 iat.
596 3382 620 3442 I.
643 3402 673 3461 p.
689 3382 753 3449 263
767 3390 798 3443 et
812 3384 885 3449 601.
931 3382 976 3443 De
994 3382 1044 3442 tali
1065 3382 1144 3443 verbi
1162 3385 1297 3464 simplicis
1319 3384 1412 3443 eundi

251 3486 370 3545 notione
388 3486 459 3545 dixit
477 3480 633 3562 Ibrbigor.
659 3484 698 3543 ad
717 3484 797 3565 Vug.
820 3486 894 3547 Aen.
917 3492 948 3565 2,
969 3484 1043 3549 376.
1088 3486 1222 3547 Ceterum
1242 3487 1288 3548 iiio
1305 3487 1410 3548 verbo-

251 3605 315 3645 rum
335 3587 407 3644 ordo
427 3585 459 3643 It
476 3616 519 3631 ·-
535 3596 564 3641 et
582 3596 689 3645 narrat
707 3590 779 3648 mire
799 3590 959 3667 respondet
978 3606 1024 3647 vv.
1046 3588 1121 3661 obi,
1143 3608 1253 3671 quaero
1273 3600 1302 3647 et
1322 3588 1410 3670 refer,

252 3690 330 3766 quod
357 3695 438 3749 recte
466 3693 567 3746 eontra
590 3686 827 3769 eringomium
856 3688 992 3751 observat
1018 3688 1160 3753 Orelle'us.
1187 3724 1231 3743 ·-
1261 3690 1411 3753 Volteium

252 3792 391 3849 Menam.
437 3788 484 3849 De
505 3788 561 3849 hoo
577 3782 697 3851 nominii
717 3793 842 3855 Romani
863 3812 929 3851 oum
948 3794 1062 3854 nomine
1079 3796 1175 3854 nativo
1195 3795 1320 3875 (Menas,
1338 3798 1411 3874 Μη-

252 3890 324 3969 νᾶς)
349 3893 557 3970 compositione
578 3893 690 3952 erudite
709 3896 837 3975 disputat
854 3894 1043 3968 Soboridiue,
1065 3899 1117 3958 sed
1137 3902 1239 3971 restat,
1256 3903 1289 3957 nt
1309 3898 1411 3957 obser·

252 4012 364 4070 remus,
379 3990 502 4052 Latinos
522 3995 637 4053 nomina
658 3996 772 4057 Graeca
791 3998 821 4055 in
840 4016 877 4055 ao
902 3998 1086 4058 terminantia
1105 3999 1242 4079 imprimis
1263 4018 1412 4061 servorum

252 4095 419 4174 pierumque
434 4094 472 4152 od
490 4094 608 4155 latinam
625 4100 861 4160 consuetudinem
882 4100 1063 4173 immutasse3
1088 4102 1155 4161 inde
1175 4118 1204 4159 r.
1225 4100 1277 4165 61.
1301 4102 1412 4171 Meno,

253 4200 339 4257 etita
352 4196 382 4254 in
396 4197 484 4254 inser.
499 4216 546 4275 ep.
562 4198 634 4259 Gor.
650 4202 688 4259 de
699 4197 813 4261 Libert.
829 4200 960 4261 columb.
978 4201 1092 4283 (Polen.
1103 4202 1193 4262 Thes.
1205 4202 1254 4263 111.
1270 4199 1411 4283 p.1ts.):

256 4300 354 4357 Mena
378 4297 495 4355 Homo.
516 4298 558 4356 L.
574 4300 619 4358 A.
641 4302 738 4363 Veste.
758 4302 791 4381 (i.
808 4323 835 4363 e.
856 4301 1023 4382 vestiarius)
1044 4309 1074 4363 et
1095 4321 1143 4382 op.
1159 4304 1275 4365 Gruter.
1289 4326 1322 4384 p.
1338 4302 1411 4373 241.

227 4383 232 4397 ’
256 4422 283 4461 c.
305 4404 335 4465 2.
364 4398 488 4457 Lollius
509 4400 615 4467 Meno.
658 4404 708 4462 Sic
733 4424 768 4465 ex
789 4405 890 4465 eodem
916 4404 982 4483 lege
1003 4402 1139 4463 Iudaeus
1159 4405 1277 4484 Apella
1296 4408 1359 4471 Sat.
1381 4412 1413 4484 1,

255 4501 288 4578 6,
310 4500 401 4579 100.,
418 4502 546 4579 Marsya
565 4504 628 4562 Sat.
651 4507 687 4581 1,
709 4507 991 4583 6,120.,Damo
1012 4508 1076 4565 snt.
1100 4510 1138 4582 2,
1161 4508 1313 4587 6,101.,
1335 4511 1412 4570 conf.

256 4602 382 4665 cnsub.
403 4606 442 4663 ad
461 4602 545 4663 Pers.
563 4604 594 4682 6,
616 4606 669 4668 76.
686 4607 751 4686 79,
772 4608 918 4689 Aegypto
934 4615 965 4673 et
979 4608 1109 4669 Remu
1125 4626 1173 4687 op.
1192 4612 1254 4673 Cro.
1274 4614 1304 4673 iu
1317 4612 1413 4692 Epist.
